2644 4910
493 409 572 487 dih

39 611 184 678 riositatis
209 620 243 678 ct
267 606 723 697 philosaphiaaprotessionam
750 612 1030 680 scaturrientes
1059 642 1062 649 ⁴

39 718 175 783 mutibus
201 718 349 781 fluctuare
359 726 385 781 ⁸.
408 752 410 763 ·
434 712 524 777 Nunc
538 784 540 791 ,
553 717 631 777 enlm
657 717 737 779 hanc
760 722 857 779 artem
885 725 1029 801 ιιιιιιιιιιι

39 824 175 886 iallscem
204 825 293 893 etin
320 825 386 905 ipsa
398 823 524 883 »aedona
548 804 749 902 periculot'amr
768 827 801 883 et
818 822 1029 907 legiouspros

38 925 160 993 hihitnm
179 927 340 990 cavendam
360 932 480 1002 monet,
506 944 586 987 nunc
611 935 711 995 sutem
737 926 824 988 veluto
838 928 903 990 eius
923 930 1029 1005 lauda-

39 1032 151 1095 toribus
172 1033 285 1109 cedens
302 1032 407 1094 utilem
424 1031 497 1092 dicit
513 1048 583 1092 esse
599 1028 784 1092 mundandae
803 1034 883 1112 parti
902 1015 1029 1114 animae,

39 1153 95 1197 uon
114 1137 236 1217 quidem
256 1136 472 1212 intellectuali,
502 1152 560 1214 qua
587 1149 688 1195 rerum
708 1135 934 1215 intelligrhilium
955 1158 1050 1221 per-¹

39 1238 149 1320 cipitur
167 1241 297 1316 veritas,
315 1239 412 1301 nullas
431 1237 604 1303 habentium
626 1230 837 1302 similitudines
857 1224 1028 1324 corporum,

18 1328 19 1335 ἵ
39 1343 92 1413 sed
111 1343 252 1425 spiritali,
278 1363 337 1424 qua
356 1341 557 1425 corporalium
577 1361 678 1404 rerum
698 1342 855 1424 capiuntur
874 1345 1030 1428 imagines.

39 1445 122 1509 liene
141 1447 224 1511 enim
244 1448 319 1509 dicit
343 1440 408 1529 per.¹
420 1446 563 1527 quasdam
584 1449 826 1510 consecrationes
846 1449 1029 1530 theurgicae,

39 1569 109 1630 quas
132 1551 242 1613 teletas
265 1557 391 1627 nocant,
418 1551 556 1612 idoneam
582 1550 651 1611 fieri
677 1559 767 1632 atque
794 1558 895 1634 aptam
923 1534 1035 1617 asscel

39 1655 127 1734 ptioui
145 1656 306 1738 spirituum
327 1662 359 1718 et
378 1637 559 1735 angelorum
570 1660 602 1715 et
620 1656 658 1717 ad
684 1655 829 1719 videndos
848 1643 957 1719 'deos''
981 1658 1030 1722 rix
1069 1634 1071 1651 ¹

40 1759 141 1837 quibua
167 1766 270 1822 tamen
295 1759 462 1840 theurgicis
488 1759 588 1820 teletis
614 1759 729 1820 latetur
747 1754 943 1851 intellectuali
963 1764 1029 1825 ani«
1065 1822 1071 1835 χ

39 1881 103 1925 mae
143 1863 151 1882 ‘
174 1864 196 1924 il
217 1864 403 1945 purgationis
419 1864 575 1939 accedere,
595 1866 759 1945 quoduam
779 1852 872 1927 iaciat
891 1867 1031 1945 idoneam

38 1968 119 2031 adsi
180 1969 252 2029 dum
272 1968 363 2029 deum
383 1986 471 2029 suum
493 1975 525 2029 et
544 1970 761 2050 perspiciendo
775 1989 829 2044 ea,
860 1989 1028 2050 quaesere

40 2077 114 2133 sunt.
153 2071 203 2132 lix
222 2090 282 2152 quo
301 2071 428 2152 intelligi
448 2077 560 2152 potest,
585 2073 715 2151 qualium
737 2075 862 2135 deornm
882 2075 930 2135 vei
953 2093 1030 2153 qua-

40 2172 97 2239 lem
114 2175 263 2239 visionem
289 2174 358 2236 lieri
383 2174 462 2235 dicat
487 2175 654 2256 theurgicis
680 2177 969 2253 consecrationibus,
995 2178 1028 2241 in

40 2298 95 2359 qua
110 2299 171 2342 non
191 2299 231 2342 ea
248 2279 403 2353 videntur,
429 2296 506 2357 quac
532 2297 605 2340 vere
625 2284 703 2340 suut.
742 2279 881 2360 lienique
900 2282 1029 2381 animam

38 2385 223 2467 rationalem,
234 2384 307 2458 aive,
327 2384 408 2464 quod
421 2381 517 2464 magis
531 2390 611 2445 amat
625 2383 739 2461 dicere,
758 2384 1030 2464 intellectualeml,

39 2486 243 2574 insuperna*
262 2506 354 2568 posse
373 2487 448 2548 dicit
467 2488 615 2566 evadere,
643 2490 760 2551 etiamsi
779 2489 860 2570 quod
880 2490 945 2551 eius
965 2478 1029 2572 spi-

39 2593 121 2657 ritale
146 2602 216 2668 est,
244 2591 325 2654 nulla
350 2592 507 2690 theurgica
534 2582 639 2656 luerit
650 2601 716 2657 arte
736 2600 913 2675 purgaturus
902 2614 1031 2675 porro
1069 2654 1071 2659 ,

39 2705 134 2762 autem
153 2720 172 2761 a
189 2698 338 2789 theurgo
344 2696 508 2775 spiritalem
528 2698 649 2778 purgari
668 2698 831 2774 hactenus,
858 2705 971 2761 utnon
990 2716 1030 2762 ex

39 2804 94 2866 hoc
109 2804 146 2866 sd
162 2798 422 2867 immortalitatem
437 2801 706 2883 aeternitatemque
719 2805 886 2885 perveniat.
913 2804 1027 2882 Quam-

40 2928 123 2989 quam
141 2912 247 2989 itaque
266 2905 418 2968 discernat
436 2923 454 2964 a
473 2904 667 2970 daemonibus
691 2907 830 2986 angelos,
855 2908 938 2969 adria
956 2926 1027 2971 esse

38 3011 100 3077 loca
118 3017 319 3086 daemonum,
348 3007 482 3070 aetheria
502 3009 550 3069 vel
570 3028 713 3091 empyrea
732 3011 885 3087 disserens
905 3013 1029 3093 angelo·
1068 3070 1072 3075 .
1133 3080 1137 3097 Χ

39 3129 145 3204 now,
175 3125 211 3181 et
236 3117 396 3178 admoneat
419 3111 716 3179 utendum'alicuius
745 3115 900 3185 daemonis
926 3116 1032 3179 amici-
1086 3128 1090 3133 ’
1135 3116 1139 3129 “

42 3224 91 3301 tia,
110 3245 219 3307 quo
190 3222 385 3285 subvectante
402 3218 452 3280 vel
470 3218 635 3301 paullulum
663 3220 763 3301 possit
783 3220 891 3291 elevari
911 3240 929 3282 a
948 3227 1030 3285 terra

42 3330 165 3413 quisque
184 3325 411 3411 postmortem,
431 3322 543 3403 aliam
532 3341 611 3386 vero
631 3323 709 3395 viam
729 3341 799 3385 esse
814 3325 974 3402 perhibeat
988 3326 1028 3389 ad

42 3434 217 3521 augelorum
240 3447 372 3529 superna
397 3424 564 3520 consortiae
591 3425 752 3488 cavendam
777 3436 878 3490 tamen
906 3428 1029 3495 daemo-
1141 3476 1146 3484 ι

41 3553 110 3598 unm
133 3532 311 3597 societatem
337 3550 479 3612 expressa
503 3531 634 3611 quodam
658 3531 750 3592 modo
769 3512 961 3595 confessione
979 3538 1028 3594 te-
1111 3612 1115 3618 η

42 3645 163 3714 statur,¹
192 3637 246 3700 uhi
271 3635 347 3696 dicit
372 3635 499 3698 animam
525 3643 750 3717 postmortem
777 3633 905 3711 luendo
914 3652 1029 3715 poenas

43 3743 154 3807 cultam
178 3744 376 3814 daemonum,
406 3758 424 3800 a
450 3739 558 3818 quihus
586 3739 889 3821 circumveniehctur,
918 3738 1029 3799 horre-

42 3826 142 3923 scere,
170 3849 328 3928 ipsamque
358 3843 546 3923 theurgiam,
571 3863 658 3924 quam
682 3840 765 3915 ιιιιιιι
792 3841 1029 3925 conciliatricem

41 3952 211 4029 angelomum
230 3950 416 4028 deorumque
435 3949 641 4028 commendat,
665 3951 745 4033 apud
765 3949 843 4013 tales
862 3961 953 4027 agera
971 3959 1028 4024 pa-

46 4104 244 4121 *nnn-

74 4190 185 4289 ἰἰιιι.
202 4219 260 4272 aaa,
277 4200 312 4255 al.
328 4200 442 4272 ιιιιιιιιιι.
553 4218 555 4231 =
