2598 4902
417 388 427 497 .’
470 421 569 493 ιιι·

30 632 77 685 qun
90 615 175 673 terme
184 602 347 687 'conspirent
361 602 459 674 sertus
476 624 504 672 et
519 619 671 689 Diogenes,
694 616 741 672 hle
757 616 925 673 consentiens
939 618 1002 675 tnru

27 703 132 756 Philone
148 706 181 757 de
197 705 327 775 Agricult.
340 705 367 758 3.
384 723 410 773 p.
422 703 481 757 302.
498 705 592 774 Μσσς.
620 704 730 758 Etenim
747 706 771 758 si
787 705 876 757 ethice
892 705 998 758 fruetus

27 804 79 840 esse
95 789 197 856 dicitur,
215 788 329 858 physice
346 790 446 841 humus
463 790 509 843 vel
526 790 646 855 arbores,
663 790 734 842 hese
752 796 844 858 aperte
861 791 998 859 principa·
1070 852 1074 857 ι

25 872 54 926 lis
69 890 124 925 esse
141 878 168 927 et
184 893 251 940 rere
267 862 528 940 fertilis'ibdieatum
552 874 641 927 ethice
660 881 752 928 autem
768 875 875 927 nil·nisi
892 864 998 929 fruetus
1108 886 1112 909 ¹

25 958 169 1023 palmarius.
192 950 327 1030 Logicam
345 960 403 1013 sive
416 959 589 1012 dialecticam
606 961 701 1012 ceteris
711 962 834 1028 partibus
847 958 998 1014 subiectam

23 1041 97 1094 luisse
113 1046 251 1097 ostendunt
269 1062 362 1098 omnes
378 1046 443 1098 illae
460 1043 656 1097 similitudines.
689 1045 838 1098 Videbatur
853 1045 906 1098 ista
921 1046 995 1099 Stoi·
1034 1032 1036 1043 ¹

23 1126 55 1177 cis
74 1128 180 1196 reliquis
202 1132 323 1198 partibus
348 1130 489 1183 firmandis
513 1130 719 1198 excolendisque
744 1130 889 1197 inservire,
920 1132 995 1184 Sext.

22 1214 89 1280 Ernp.
103 1214 260 1268 edebirath.
272 1213 385 1282 vl1‚23;
403 1216 484 1268 Philo
496 1218 514 1269 Ι.
527 1218 563 1279 ί.;
583 1215 617 1286 ef.
631 1216 687 1267 Cic.
700 1216 734 1267 de
747 1215 835 1285 Legg.
847 1216 869 1281 Ι,
882 1213 924 1265 24.
938 1216 995 1268 init
1094 1232 1097 1242 ·

22 1297 72 1362 Qua
89 1299 160 1351 inre
177 1301 327 1368 Epicurum
353 1304 471 1368 quodam
494 1301 575 1352 modo
594 1305 753 1368 sequuntur,
778 1305 851 1352 certe
868 1301 995 1354 deserunt

19 1372 147 1436 Platonem
171 1392 198 1438 et
214 1386 404 1451 Aristotelem,
428 1386 525 1453 quibus
548 1385 692 1458 dialectice
716 1390 743 1439 et
759 1386 855 1454 «prima
871 1385 995 1453 philoso-
1057 1383 1060 1391 '
1092 1394 1094 1401 ’

20 1465 75 1531 phin
90 1470 240 1535 penetralia
257 1471 339 1523 totins
359 1471 497 1524 doctrinae
515 1488 573 1524 esse
590 1470 760 1523 videbantur.
802 1472 834 1523 In
852 1476 994 1524 causaest

18 1553 77 1616 quod
93 1554 176 1607 Stoici
196 1542 332 1625 logicam,
360 1555 460 1608 sinon
482 1557 518 1609 ad
541 1558 630 1608 solum
647 1555 840 1625 cogitationem
857 1552 993 1624 pertinere

17 1639 162 1706 statuebant,
178 1646 209 1693 ut
227 1640 295 1695 fecit
310 1641 455 1710 Epicurus,
481 1657 546 1693 nam
563 1642 697 1694 tractabat
714 1642 742 1694 in
759 1657 794 1693 ea
811 1646 838 1694 et
853 1658 898 1693 res
914 1640 992 1711 οοςί-
1083 1668 1088 1675 -

16 1723 85 1788 tutes*
97 1724 158 1795 περὶ
175 1724 356 1796 πραγμάτων,
375 1726 592 1795 σημαινομένων,
609 1727 690 1797 Πίος.
705 1726 736 1778 Is
749 1728 807 1793 vn,
819 1726 876 1793 62,
898 1732 990 1807 tamen

16 1810 191 1873 aquaestione
216 1812 253 1863 de
278 1806 328 1864 deo
354 1818 381 1864 et
403 1812 437 1864 de
459 1830 553 1865 rerum
576 1812 716 1880 principiis
733 1814 914 1880 separandam
931 1828 991 1864 esse

16 1894 151 1961 censebunt,
177 1897 253 1964 quod
272 1895 391 1953 cernitur
408 1914 442 1949 ex
460 1897 620 1950 testimoniis
638 1897 786 1966 Chrysippi
802 1914 884 1965 supra
901 1912 989 1965 appo-

13 1976 68 2028 sitis.
98 1980 284 2034 Nihilominus
307 1981 401 2051 logica
424 1983 460 2037 ab
477 1983 511 2036 iis
528 1983 697 2053 amplificata
707 1976 768 2050 est,
794 1999 856 2035 cum
874 1998 927 2034 non
943 1976 989 2034 so-

13 2060 60 2114 lum
80 2064 238 2119 detectione
258 2065 320 2132 illas
343 2062 377 2118 de
398 2067 566 2134 notionibus,
598 2068 759 2133 enuntiatis,
784 2067 990 2121 collectionibus

12 2151 163 2211 quaestiones
179 2152 307 2219 impense
322 2151 455 2217 soverent,
470 2152 606 2220 imprimis
623 2153 799 2221 Chrysippus,
825 2153 873 2204 sed
890 2153 1003 2225 rheto->

12 2230 83 2286 ticam
99 2236 181 2288 etiam
198 2236 232 2288 in
249 2252 283 2288 ea
299 2240 454 2300 tractarent,
471 2237 551 2305 Πίος.
564 2237 596 2287 Is.
608 2238 663 2302 vll,
676 2235 786 2301 41;·4s‚
809 2237 865 2289 Gie.
880 2236 914 2287 de
925 2235 986 2287 Fin.

9 2312 37 2379 Π,
49 2317 71 2383 6,
87 2319 338 2389 disputationesque
355 2321 465 2389 insuper
482 2320 515 2372 de
532 2321 714 2390 grammatica
732 2327 758 2387 et
769 2321 874 2389 poetica
888 2327 915 2373 et
924 2312 986 2387 m'u-⁴

11 2399 57 2452 sica
69 2403 93 2454 ei
104 2404 296 2475 adiungerent,
313 2405 394 2475 Πίος.
409 2405 441 2456 Is.
452 2404 509 2470 vn,
519 2403 562 2456 44.
580 2407 622 2470 De
636 2411 694 2459 arte
707 2406 887 2475 grammatica
901 2422 986 2474 quan-

9 2486 56 2539 buu
69 2484 216 2544 meruerint
236 2490 265 2542 in
282 2493 382 2560 vulgus
398 2496 491 2543 nobum
505 2496 554 2559 est,
570 2509 657 2559 neque
671 2497 763 2551 tannen
777 2491 843 2543 satis
857 2493 922 2543 dum
937 2508 986 2569 aa·

12 2578 87 2625 eunte
103 2577 280 2643 explicatum.
315 2577 370 2629 Sed
387 2575 579 2644 philosophiae
598 2576 688 2629 omnia
705 2577 756 2629 istu
774 2593 791 2629 a
807 2577 906 2630 Stoicis
923 2576 985 2651 vin-¹

12 2651 168 2727 dicabantur,
193 2678 267 2729 quae
289 2661 365 2729 prius
389 2662 423 2713 ad
446 2656 584 2727 encyclias
606 2661 764 2728 disciplinas
780 2660 985 2726 referebantur-3

11 2754 110 2804 luscum
127 2746 303 2799 coniunctum
332 2749 393 2798 erat
411 2746 484 2812 quod
507 2743 619 2797 interior
636 2746 753 2813 partium
772 2762 804 2798 ae
821 2745 984 2814 placitorum

11 2838 126 2881 connexus
152 2847 186 2885 ae
203 2831 345 2901 vinculum
356 2828 509 2895 ‹laxabatur
533 2834 561 2882 et
582 2824 805 2882 dissolverem
822 2830 933 2884 decedit
953 2834 984 2884 ut

9 2916 128 2967 nmales
145 2917 318 2984 quaestiones
334 2906 388 2967 non
400 2914 463 2980 tali,
488 2931 541 2982 qua
557 2915 732 2980 Aristoteles,
755 2915 907 2985 diligentia*
918 2933 983 2983 per·

8 2988 145 3067 testarent,
166 3003 241 3056 Plut.
257 3002 293 3054 de
304 3000 386 3063 Stoic.
399 3000 468 3068 Rep.
483 2998 527 3065 29,
550 3000 598 3052 sed
614 2999 857 3069 mythologiamet
874 2990 982 3054 divina

8 3076 74 3133 tonis
94 3086 185 3154 capita
212 3091 240 3139 et
264 3103 334 3154 quae
355 3090 418 3137 sunt
435 3085 536 3138 similia
552 3085 685 3154 physicae
704 3087 907 3155 adspergercnt
940 3087 982 3138 Πο

8 3167 132 3226 partitione
157 3172 352 3239 philosophiae
374 3171 548 3238 partiumque
571 3170 758 3223 distributione
775 3163 875 3240 singuli
891 3172 978 3222 vehe-

8 3257 92 3306 menter
109 3255 295 3318 dissidebant3
315 3255 343 3307 in
361 3256 534 3322 quereiam
553 3257 699 3312 Cleanthes
716 3272 734 3310 a
751 3256 859 3327 Zenone
875 3248 979 3311 deen-

8 3330 59 3389 fitse
73 3338 159 3396 fertur
177 3359 225 3412 ap·
240 3340 322 3411 Πίος.
339 3327 372 3395 Π.
388 3340 448 3407 vn,
463 3338 507 3392 41.

279 3524 282 3536 '
376 3538 404 3580 e.
443 3516 599 3600 Logica.

66 3662 188 3729 Diocles
207 3666 385 3748 Magnesiae
405 3665 484 3746 apud
504 3665 592 3747 Πίος.
613 3664 649 3730 Is
666 3664 732 3740 vll,
752 3667 803 3727 49.
836 3659 981 3745 Ἀρέσκει
998 3662 1059 3727 att)

8 3764 57 3840 [Οἷς
74 3761 238 3859 &osseis
255 3766 314 3835 τὸν
333 3766 406 3849 περὶ
425 3766 606 3857 φαντασίας
624 3766 680 3834 καὶ
699 3762 880 3857 αἰσθήσιος
898 3789 979 3847 τρο-

8 3860 110 3936 τάττιιν
129 3868 251 3958 λόγον,
272 3864 650 3958 subservientem,
671 3861 699 3962 ᾦ
717 3866 738 3955 ἡ
759 3868 896 3955 ἀλήθεια
914 3874 981 3937 τῶν

8 3972 187 4056 asyndeton
205 3976 415 4062 γινώσκεται,
442 3976 524 4045 κατὰ
543 3979 637 4061 γένος
656 3977 820 4061 φαντασία
840 3975 907 4043 ἐστὶ
924 3972 981 4042 καί

8 4075 105 4145 labda
132 4076 152 4148 ὁ
180 4082 257 4167 περὶ
284 4085 549 4169 συγκαταθέσεως
568 4082 624 4149 καὶ
643 4076 662 4149 ὁ
682 4082 754 4165 περὶ
773 4079 980 4178 resalutatus

8 4177 50 4247 ut
66 4180 212 4271 νοήσεως
232 4184 331 4276 λόγος
349 4184 505 4275 πρινίνων
524 4191 589 4256 τῶν
608 4178 716 4255 ἄλλων
729 4174 792 4256 οὖν
804 4181 884 4254 ἄνευ
900 4184 981 4268 ‹psu-
