2644 4910
509 394 588 472 otu

36 595 197 663 riositstis
225 603 259 661 ct
283 590 739 681 pnhosspuuspmtesuonam
766 599 925 663 sententiis
949 599 1046 667 ‘stup
1075 630 1078 637 ·

35 704 186 771 maritus
217 701 365 765 fluctuare
375 710 400 765 ⁸.
424 738 426 747 =
450 696 539 762 Nunc
554 770 556 775 ,
569 702 646 763 enlm
673 703 752 765 hauc
776 710 873 766 artem
901 711 1044 787 tanquam

34 809 186 871 fallacem
220 812 253 870 et
278 809 309 869 in
336 809 402 889 ipsa
414 807 539 868 actione
563 790 764 887 periculosam
784 813 816 869 ct
833 808 950 889 legibus
959 830 1045 893 apros

34 910 169 977 hihitam
191 911 355 974 mveudana
376 917 495 987 monet,
522 929 601 971 nuno
626 918 726 973 autem
753 912 839 974 velut
853 914 919 977 eius
938 916 1044 992 huda-

35 1012 159 1079 torihus
183 1016 300 1078 cedens
318 1017 423 1078 utilem
439 1015 513 1077 dicit
529 1034 599 1077 esse
615 1014 799 1078 mundandae
818 1019 898 1098 perti
917 1002 1045 1101 animae,

35 1139 98 1182 non
119 1121 252 1201 quidem
271 1120 488 1196 intellectuali,
517 1138 575 1198 que
602 1136 704 1181 rerum
723 1120 949 1201 intelligrhilium
970 1145 1042 1208 per·
1062 1194 1065 1207 ,

35 1223 157 1306 cipitur
177 1224 312 1300 veritos,
330 1223 427 1285 nullas
446 1222 620 1293 hahentium
641 1223 852 1287 similitudines
872 1211 1043 1311 cor'pornm,
1080 1306 1084 1313 .

36 1328 94 1397 sed
115 1328 267 1410 spiritali,
293 1347 352 1408 qua
372 1326 572 1409 corporalium
592 1347 693 1389 rerum
713 1325 870 1410 capiuntur
889 1332 1045 1415 imagines.

36 1431 128 1494 Hanc
149 1431 239 1494 enim
259 1431 334 1493 (licit
359 1451 416 1512 per.
434 1431 577 1511 quasdam
598 1435 841 1496 consecrationes
861 1436 1044 1516 theurgicas,

37 1554 114 1616 quas
139 1535 257 1597 teletas
280 1541 406 1611 ⁴v'oonut,
433 1535 571 1602 idoneam
597 1535 666 1596 lieri
692 1544 781 1617 utque
808 1544 910 1620 aptam
937 1520 1050 1603 snsceix

36 1640 133 1720 ptioni
153 1638 320 1721 spirituum
341 1646 374 1701 et
393 1622 573 1720 singolorum
585 1645 616 1700 et
634 1641 673 1701 ad
699 1640 844 1704 videndos
863 1630 966 1706 'deon‘
995 1645 1045 1709 Ex
1084 1622 1086 1637 ’

38 1744 149 1823 quihus
178 1749 285 1805 ιιιιιοιι
310 1743 476 1824 theurgicis
503 1743 602 1804 teletis
628 1744 743 1819 latetur
761 1740 958 1819 intellectuali
978 1751 1043 1812 mi·
1079 1810 1086 1823 ,

38 1866 108 1910 mae
151 1847 160 1865 ⁶
186 1847 210 1908 il
232 1848 418 1928 purgationis
433 1848 589 1924 accedere,
610 1851 691 1930 quod
706 1870 774 1911 enm
793 1849 887 1913 locist
905 1853 1045 1918 idoneam

37 1954 77 2014 eal
96 1955 125 2015 vi
192 1952 267 2012 dum
287 1952 377 2012 deum
397 1970 486 2013 suum
508 1958 539 2013 et
558 1955 776 2034 perspicienda
789 1975 843 2030 ea,
874 1975 951 2035 quae
966 1976 1043 2025 ‘nere

40 2062 120 2118 sunt
162 2056 217 2117 Elx
237 2073 296 2135 quo
316 2055 443 2137 intelligi
462 2062 575 2137 potest,
599 2058 730 2135 qualium
751 2060 877 2120 deorum
896 2061 945 2120 vel
967 2079 1044 2140 qua-

40 2158 101 2225 lem
120 2160 277 2223 visionem
303 2158 371 2220 lieri
397 2158 477 2220 (licat
501 2160 668 2241 theurgicis
694 2163 984 2239 consecrationibus,
1009 2165 1042 2227 in

40 2284 100 2346 qun
117 2284 181 2327 non
202 2282 244 2325 ea
262 2264 417 2338 videntur,
443 2281 520 2342 qnae
546 2282 619 2325 vere
638 2270 717 2326 suut.
756 2265 894 2346 Denique
914 2268 1043 2367 animam

38 2371 236 2441 rationalem,
247 2367 321 2443 sire,
341 2368 423 2446 quod
436 2366 531 2449 magis
545 2375 625 2429 amat
638 2368 753 2445 dicere,
772 2370 1044 2450 intellectualemb,

39 2473 72 2538 iu
90 2470 257 2558 superno*
276 2490 368 2552 posse
387 2471 462 2532 dicit
481 2472 629 2550 evadere,
656 2475 774 2535 οιίιιιιιι
794 2456 874 2555 quod
894 2476 958 2537 eius
978 2464 1042 2559 spl-

40 2578 127 2642 ritnls
155 2586 229 2651 cst,
258 2575 339 2638 nulla
364 2576 520 2656 theurgica
548 2566 652 2640 luerit
664 2586 730 2642 orte
749 2585 926 2661 purgatum:
950 2600 1044 2662 porro

42 2691 144 2748 autem
164 2704 184 2746 a
204 2659 522 2771 theurgospiritslem
541 2682 663 2762 purgari
682 2683 845 2759 hactenus,
871 2692 906 2746 nt
925 2704 985 2747 non
1004 2703 1044 2749 ex

45 2790 104 2851 hoc
120 2789 159 2851 ad
175 2782 435 2849 immortalitatem
451 2778 720 2868 aeternitatemque
733 2790 900 2870 perveniat.
926 2790 1041 2868 Quam·

47 2914 136 2975 quam
155 2895 260 2972 ltaque
280 2889 431 2950 discernat
449 2888 680 2953 adamantius
705 2893 843 2971 angelos,
868 2894 951 2954 siria
970 2912 1041 2957 esse

46 2998 112 3061 loca
131 3001 332 3069 daemonnm,
361 2991 496 3053 aetheria
515 2994 563 3054 vel
583 3013 726 3075 empyrea
745 2996 898 3072 disserens
919 2999 1042 3079 angelo·
1081 3056 1085 3061 .
1146 3066 1150 3082 Χ

45 3113 157 3188 now,
170 3109 224 3164 ,et
248 3099 409 3161 admoneat
432 3096 577 3159 utendum
604 3099 729 3160 alicuius
758 3101 913 3171 daemonis
939 3102 1045 3165 amici.
1099 3114 1103 3119 ·
1148 3102 1152 3115 ’

48 3208 99 3286 tia,
118 3228 181 3291 quo
204 3204 398 3268 subvectante
415 3202 465 3265 vel
484 3202 648 3284 paullulum
676 3204 776 3299 possit
796 3205 905 3267 elevari
924 3226 942 3268 a
961 3213 1043 3271 terra

47 3315 177 3395 quisque
197 3309 424 3393 postmortem,
444 3306 624 3369 aliamvero
644 3306 722 3379 uam
742 3326 813 3369 esse
803 3311 987 3411 perhibeat
1001 3312 1041 3375 ad

48 3417 230 3505 angelornm
254 3430 384 3493 superus
410 3413 576 3504 consortia.
604 3409 765 3473 cavendam
790 3421 891 3503 tamen
918 3414 1042 3478 ‹leemo-
1154 3462 1158 3470 ι

46 3537 118 3582 num
143 3516 323 3581 societatem
349 3498 492 3595 expressa
517 3516 647 3596 quodam
671 3517 763 3577 modo
782 3517 973 3583 confessione
991 3524 1040 3580 tc-
1124 3598 1128 3605 ἢ

48 3629 175 3697 statur,¹
205 3621 258 3683 uhi
283 3617 360 3680 dicit
385 3620 511 3687 animam
538 3627 763 3701 postmortem
790 3619 917 3697 lumin
927 3639 1042 3702 poenas

50 3726 164 3789 cultum
191 3726 388 3798 daemonum,
419 3742 437 3783 ι
462 3724 571 3802 quihus
599 3724 901 3806 circumveniebatur,
931 3723 1041 3785 horre-

49 3808 154 3906 scere,
182 3830 341 3912 ipsamque
370 3827 558 3907 theurgiam,
583 3848 671 3909 quam
697 3830 778 3897 uelut
805 3826 1041 3911 conciliatricem

48 3935 223 4013 angelomum
243 3933 428 4011 deorumque
447 3934 654 4013 commendat,
678 3937 758 4018 apud
778 3934 855 3997 tales
874 3947 965 4012 agere
983 3945 1040 4009 po-

84 4174 198 4273 ἰἰιιι.
215 4202 272 4255 aun,
289 4184 324 4239 sl.
340 4184 454 4256 iusuper.
565 4202 567 4217 ·
