2592 4904
504 346 580 486 sat

90 563 315 649 decibilem,
336 566 376 625 'lt-
408 561 453 623 [it
473 540 647 642 geometrae
666 558 767 624 solent
786 576 845 623 noa
866 556 966 630 ιιιιιιιι
985 542 1123 629 nulls
1154 598 1158 621 ι

51 688 133 745 cere,
163 670 217 730 sed
245 669 400 748 postulare
424 672 458 726 nt
474 667 629 749 ,quaedam
652 665 950 738 sibiconcedunten
980 685 1044 746 qaae

52 773 163 833 facilius
191 788 265 853 quiae
285 772 387 832 volunt
408 771 577 851 explicent,
607 772 651 831 sic
672 788 727 849 ego
749 790 766 829 a
787 774 819 829 te
839 769 971 849 postulo,
1001 771 1044 830 mi

50 878 162 951 Cicero,
183 886 217 941 ut
235 878 308 939 mihi
329 866 488 952 concedas
510 877 537 936 si
557 883 656 956 potes,
678 875 752 936 nibil
772 876 897 970 praeter¹
911 873 942 932 ld
961 873 1042 959 quod

50 980 268 1049 beelamon
286 986 413 1062 propter
434 1000 471 1047 se
488 1000 559 1045 esse
578 981 790 1060 expetendum.
832 977 887 1039 Sin
907 981 966 1043 boc·
985 1001 1044 1051 non
1076 989 1078 994 '
1123 997 1158 1011 ’·
1251 969 1259 973 ”

46 1084 117 1145 iicet
136 1104 192 1164 per
211 1084 406 1164 cnttppun,
434 1066 566 1146 atoillud
594 1090 681 1145 certe
707 1083 810 1159 dabis,
838 1082 920 1162 quod
947 1082 1045 1144 beua-
1171 1086 1177 1094 ”

49 1194 124 1248 stum
145 1189 194 1277 ait,
216 1188 249 1247 id
269 1190 398 1249 maxime
416 1196 589 1269 propterse
605 1207 675 1249 esse
690 1185 928 1266 expetendane
949 1173 1043 1251 Tusa

49 1288 84 1366 V,
104 1293 131 1352 1.
152 1293 280 1353 Placere
300 1294 381 1352 enim
401 1293 459 1355 tibi
480 1294 642 1357 admodum
658 1291 746 1353 sensi
767 1299 799 1352 et
825 1310 864 1351 ex
892 1308 929 1349 eo
957 1289 1044 1367 libro,
1104 1356 1107 1363 ,

49 1416 132 1474 quem
153 1398 191 1461 ad
213 1416 264 1487 me
283 1397 510 1471 accuratissimo
530 1391 722 1489 scripsistil,
744 1404 776 1456 et
797 1413 835 1455 ex
855 1393 958 1457 moltis
977 1414 1044 1456 ser-

46 1502 180 1562 monibus
202 1480 279 1576 tuis,
311 1504 452 1562 virtutem
481 1502 519 1561 ad
547 1496 636 1565 beate
655 1500 813 1560 vivendum
837 1517 871 1558 se
890 1499 956 1578 ipsa
975 1517 1084 1575 esso

47 1610 226 1671 conlectam
267 1606 357 1687 Quod
388 1607 448 1667 etsi
472 1606 602 1669 difficile
622 1611 671 1665 est
690 1606 817 1685 probatu
837 1610 962 1682 propter
982 1610 1045 1663 tam

47 1709 120 1768 varia
140 1716 173 1769 et
192 1715 257 1775 tam
279 1711 373 1772 multa
393 1717 543 1772 tormenta
565 1694 714 1784 leoninae,
738 1709 801 1768 tale
820 1715 923 1769 tamen
943 1712 992 1768 eat
1010 1713 1046 1768 ιιι
1103 1748 1106 1751 -

46 1810 256 1877 elaborandum
287 1816 328 1875 sit
356 1836 415 1897 quo
446 1814 564 1875 lucilius
595 1815 707 1895 probet
705 1830 757 1885 ur3
788 1812 862 1871 nihil
889 1818 937 1872 est
961 1786 1138 1895 Q'

46 1918 195 1994 omilium,
227 1938 304 1997 quae
333 1921 363 1979 in
392 1920 597 2001 philosophia
613 1924 794 1992 tractantur,
815 1915 901 1994 quod
927 1908 1046 1997 gmvius

47 2022 347 2101 magnificentiusque
367 2024 491 2084 dicatur.
512 2057 554 2068 -
574 2054 613 2071 -
648 2022 800 2098 Equidem
822 2038 875 2079 eas
896 2019 996 2092 casus,
1015 2019 1046 2083 in

45 2112 151 2202 qulbus
180 2143 234 2184 me
263 2125 386 2187 fortuma
413 2127 609 2188 vehementer
636 2126 790 2199 exercuit,
830 2122 949 2185 mecum
978 2124 1047 2202 ipse

45 2231 256 2303 considerans,
281 2229 353 2291 huic
382 2229 502 2308 incipio‘
524 2229 693 2289 sententiae
719 2225 870 2309 diffidere¹
891 2227 1045 2287 interdatur
1072 2239 1080 2258 ⁸
1177 2243 1181 2250 ·

45 2338 74 2393 et
100 2333 228 2395 humani
258 2332 376 2412 generis
407 2332 646 2393 imbecillitatem
680 2323 936 2412 fragilitatemque
966 2320 1046 2421 eall}
1103 2376 1109 2385 .

45 2455 189 2503 unescere
233 2436 352 2503 Vereor
381 2438 462 2513 euim
489 2454 529 2497 ne
557 2443 678 2510 natura,
706 2455 774 2495 cum
804 2420 932 2517 corpora
959 2437 1055 2499 nobis*

14 2572 17 2577 >
47 2540 162 2606 burna
187 2541 329 2606 dedisset
353 2541 452 2618 iisque
480 2546 511 2603 et
530 2540 651 2601 morbos
672 2538 852 2603 insedabiles
874 2546 906 2601 et
925 2542 1046 2611 dolores

45 2643 249 2710 intolerabiles
269 2633 475 2718 adiunxisset,
505 2646 619 2704 animos
649 2662 768 2722 quoque
783 2637 907 2731 'dederit
926 2652 959 2704 et
978 2664 1048 2706 cor*
1128 2676 1147 2699 κ
1211 2642 1214 2647 “
1264 2716 1268 2723 ι

44 2770 149 2830 porum
171 2750 334 2812 doloribus
356 2733 556 2824 congruentes
585 2753 617 2807 et
643 2740 806 2827 separatim
833 2746 896 2805 suia
924 2734 1045 2826 angori·

44 2853 96 2917 bus
118 2862 151 2916 et
172 2853 326 2917 molestiis
347 2851 537 2931 implicatos„
556 2848 669 2911 Sed'in
690 2850 749 2913 hoa
766 2868 816 2909 me
836 2849 907 2928 ipse
923 2851 1047 2931 castigo,
1147 2876 1150 2889 ι

44 2959 123 3034 quod
145 2978 184 3042 ex
208 2957 332 3025 aliorum
354 2962 387 3023 ιι
407 2976 445 3018 ex
474 2963 576 3017 uestra
601 2952 901 3030 fortassemollitia,
928 2972 989 3044 uon
1008 2974 1057 3019 ex*

45 3060 111 3142 ipae
140 3048 257 3125 rirmte
277 3060 323 3122 de
350 3062 470 3121 virtutis
499 3056 611 3121 robore
627 3060 780 3120 existimo,
820 3058 875 3118 llio
894 3059 992 3132 enim,
1020 3060 1047 3120 si

45 3168 134 3227 modo
152 3173 203 3227 est
218 3164 279 3224 ulla
295 3166 401 3237 vntris,
411 3164 506 3241 'quam
523 3164 742 3226 dubitationem
758 3150 921 3223 auunculus
937 3169 1007 3222 tuus
1017 3170 1046 3237 -0,

38 3268 157 3357 Brute,
182 3269 321 3351 sustulit,
352 3266 450 3330 omnia
470 3288 547 3348 quae
567 3270 707 3329 cadere
696 3288 727 3330 ιιι
747 3258 904 3347 bominem
920 3260 1047 3346 p'ossuril

44 3378 151 3441 subter
179 3394 214 3435 se
240 3375 348 3444 habet
379 3391 475 3451 eaque
503 3371 676 3467 despiciens
701 3392 787 3433 casus
809 3373 972 3433 contemnit
990 3372 1048 3432 bu-

45 3497 163 3555 mana,
186 3470 337 3557 calpeque
350 3476 429 3538 oanni
449 3495 555 3537 carena
577 3483 698 3557 praeter
718 3475 1122 3579 sullimannum.

44 3589 91 3643 set
119 3583 160 3643 ad
193 3600 228 3642 se
257 3581 422 3662 pertinere.
463 3581 526 3647 Nos
555 3588 657 3642 autem
686 3574 785 3642 omnio
810 3582 955 3658 adverse,
983 3587 1050 3641 tum

42 3686 199 3748 venientia
220 3690 303 3745 metu
324 3692 467 3764 augentes
488 3693 552 3745 tum
573 3704 710 3745 maerore
720 3687 917 3773 praesentia,
947 3703 1048 3745 rernm

41 3766 188 3857 naturam
209 3809 296 3873 quam
318 3807 453 3852 errorem
473 3795 609 3851 nostrum
635 3788 776 3849 damnare
795 3789 951 3848 malumus.
1019 3844 1022 3849 ,
1051 3786 1053 3791 ’

114 3904 148 3970 a)
168 3900 331 3970 cratippus
348 3901 559 3969 Peripateticum
575 3900 689 3954 Athenis
707 3901 835 3955 audiebat
848 3901 944 3955 Cicero
961 3897 1051 3961 illisas,

41 3985 79 4041 tle
91 3987 191 4052 oli-1,
211 3985 236 4041 l·
271 3987 352 4059 lfideo
369 3986 530 4051 Ciceronem
546 3986 582 4039 ad
597 3985 704 4043 Stoicos
729 3986 935 4055 propensiorem
957 3983 1052 4049 fabae,

42 4071 158 4129 etiansoi
175 4071 424 4140 Peripateticorum
447 4070 601 4145 doctrinam
624 4088 676 4125 non
705 4072 813 4132 omniuo
838 4070 952 4122 relicere
975 4067 1051 4123 velit·
1079 4107 1082 4110 -

16 4194 19 4201 ,
44 4182 82 4199 ·-·
97 4156 133 4224 b)
145 4157 189 4217 ill·
204 4156 264 4215 luo·
273 4158 386 4223 Βιιιιιιι,
403 4156 441 4217 ad
456 4156 619 4224 quambene
629 4156 793 4243 maibuntur,
809 4155 932 4213 ediderat
946 4154 1050 4207 librum
