2592 4904
61 382 67 417 ¹
467 393 541 466 4⁷21

17 594 78 657 rim.
97 592 149 658 ilc.
166 590 260 670 libb.
281 592 391 657 Latent
405 592 463 653 ieta
483 591 591 669 omnia,
611 591 749 670 Lucullo,
762 584 879 658 'ommia
891 600 995 661 occul-

16 705 69 759 bta
88 703 118 759 et
137 696 318 781 circumfusa
337 698 482 772 tenebris,
501 702 536 758 ut
554 692 638 758 nulla
650 697 731 759 oeiea
746 698 869 761 humaui
883 702 997 783 ingenii

16 807 89 864 tante
108 804 157 877 eit,
173 787 255 882 'qm
274 808 435 882 penetmre
453 803 485 862 in
498 800 633 891 coelum,
659 807 774 863 terram
792 803 906 866 intrare
923 825 996 886 poa-

15 906 62 975 ait:
81 925 205 988 corpora
225 914 327 971 nostra
344 925 405 968 uon
425 906 582 981 nouimue3
607 906 659 987 qul
680 906 740 968 rint
757 907 836 971 eitun
855 911 996 995 portium,

14 1029 94 1089 quam
111 1013 176 1072 vim
192 1030 330 1090 quaeque
358 1028 428 1091 para
455 1008 567 1071 babeat
585 1011 765 1090 ignoramur.
805 1010 910 1092 itaque
928 1032 996 1075 me-

14 1100 67 1177 dici
85 1117 153 1197 ipai,
173 1134 300 1195 qnorum
320 1096 467 1176 intererat
486 1133 522 1174 ea
540 1131 643 1190 uoeee,
663 1122 845 1195 aperuerunt
863 1123 898 1179 ut
910 1117 994 1179 vide-

13 1226 117 1281 rentur.
158 1220 225 1282 Ncc
248 1239 286 1280 eo
305 1224 417 1296 tamen,
438 1219 520 1279 aiunt
538 1219 684 1299 empirici,
708 1221 826 1281 notiore
846 1241 915 1283 esee
933 1223 999 1307 iila,

15 1325 77 1413 qnia
93 1325 190 1406 poerit
210 1325 279 1385 lieri
305 1330 339 1384 ut
364 1321 519 1404 patefacta
538 1331 570 1384 et
589 1322 711 1384 detecta
729 1330 892 1389 mutentur.
932 1326 996 1391 Sed

14 1430 110 1513 ecquid
127 1449 184 1492 noa
204 1424 314 1491 eodem
334 1427 425 1489 morlo
441 1446 544 1488 rerum
564 1433 684 1489 naturae
703 1446 874 1508 persecare,
894 1432 995 1511 aperl-
1067 1446 1069 1452 ’

13 1551 50 1607 re,
69 1514 209 1595 dividere
226 1552 405 1614 porrumua,
432 1538 472 1593 ut·
485 1531 640 1591 videamur
659 1526 743 1594 terra
761 1533 920 1612 penitusue
939 1536 994 1596 ‹le-

12 1635 62 1696 tira
90 1638 128 1699 eit
154 1642 188 1699 et
217 1638 302 1716 quaei
329 1637 482 1699 radicibus
508 1636 573 1695 eula
599 1635 725 1696 baereat
744 1654 781 1696 on
800 1638 900 1698 media
919 1656 996 1718 pen·
1054 1668 1059 1685 ·
1126 1708 1127 1713 η

10 1736 94 1802 denti
113 1773 153 1787 -
173 1769 219 1788 -·
256 1740 317 1803 Sed
338 1743 431 1804 redeo
452 1740 491 1801 ad
510 1739 641 1802 animum
660 1747 693 1800 et
707 1750 832 1820 corpur.
875 1741 997 1805 Satiane

8 1846 125 1907 taudem-
146 1868 184 1911 ea
216 1854 288 1907 uota
314 1852 386 1907 aunt
414 1846 519 1918 nobie,
547 1862 623 1922 quae
638 1861 800 1904 nervorum
819 1851 925 1908 nattum
945 1848 994 1921 ait,

8 1964 74 2025 quae
91 1950 264 2011 venarum?
283 1956 462 2011 tenemusne
481 1948 554 2027 quid
573 1948 687 2007 animoa
708 1948 772 2009 sicr
791 1949 842 2009 ubi
857 1950 918 2010 uiti
939 1950 1006 2011 rie-¹
1129 1962 1133 1973 ‘

9 2051 87 2131 nique
106 2055 187 2115 eitne
209 2071 261 2128 au,
289 2061 324 2113 ut
344 2051 529 2114 Dicaearcho
547 2051 644 2113 virum
665 2058 723 2130 eat,
752 2070 791 2113 ne
812 2053 853 2113 ait
872 2054 995 2131 quidem

10 2156 100 2220 ubuei
138 2158 174 2222 Si
195 2163 260 2234 eet,
285 2163 389 2217 treane
409 2162 512 2236 parter
532 2157 652 2232 habeat,
680 2163 715 2218 nt
734 2156 852 2217 Platoni
871 2156 1008 2235 placuit,

10 2236 132 2342 inbonie,
161 2265 268 2341 irae,
285 2261 474 2341 cupiditatie,
499 2280 537 2320 an
556 2261 683 2340 simplex
702 2278 838 2339 unusque
858 2261 921 2321 ait‘i
960 2260 998 2322 Si
1111 2315 1116 2323 .

9 2381 81 2427 unae-
99 2377 132 2430 et
151 2367 305 2448 simplex,
330 2369 440 2449 utrum·
453 2363 493 2423 eit
516 2362 595 2441 ignia
620 2383 656 2425 an
677 2364 773 2424 anima
787 2384 830 2426 an
848 2364 997 2444 eanguie‘i

11 2484 52 2544 ⁸¹1,
70 2481 103 2535 ut
121 2474 323 2543 Xenocraten,
344 2487 486 2529 numerus
506 2467 587 2528 nulio
609 2470 760 2548 corporei
789 2471 884 2549 (quod
905 2470 996 2531 iutel-

12 2571 57 2652 ligi
73 2578 161 2658 quale
183 2578 224 2637 ait
243 2575 292 2635 nir
312 2575 431 2654 potest)
458 2579 491 2633 et
516 2573 662 2653 quidquid
682 2581 731 2634 eet
750 2574 878 2635 mortale
898 2576 939 2635 eit
957 2594 1009 2664 an·

11 2682 186 2743 aeternum?
208 2698 278 2743 nam
295 2685 455 2754 utramque
474 2677 505 2737 in
518 2684 636 2755 partem
647 2677 739 2736 multa
755 2676 905 2736 dicuntur.
929 2678 1009 2739 Ho-·
1027 2686 1030 2695 '

10 2798 70 2843 rum
88 2785 206 2864 aliquid
234 2789 335 2845 vestro
355 2779 482 2859 sapienti
510 2785 628 2841 certum
646 2778 781 2841 videtur:
808 2789 941 2841 nostro·
959 2802 1000 2845 ue

9 2885 74 2963 quiri
94 2889 231 2949 maxime
251 2885 373 2964 quidem
393 2883 547 2964 probabile
566 2891 614 2945 eet
640 2886 789 2959 occurrit3
815 2885 860 2944 ‘ita
880 2891 950 2945 sunt
968 2887 999 2948 in

9 2988 157 3071 plerisque·
175 2989 393 3051 contrariarum
412 2988 559 3051 rationum
586 2992 669 3069 paria
687 2984 846 3061 momenta.
886 2990 929 3054 lb.
950 2991 1000 3052 41.

9 3088 107 3181 Neque
132 3103 242 3157 tamen
271 3094 345 3153 latae
371 3093 561 3171 quaestiones
582 3092 778 3174 physicorum
797 3096 1019 3156 exterminare-¹

10 3194 176 3281 loeputoss‘
210 3199 271 3259 Est
297 3197 376 3256 enim
400 3196 564 3257 animorum
591 3197 840 3279 ingeniorumque
866 3200 1001 3262 naturale

10 3304 153 3378 quoddam
175 3302 266 3384 quasi
286 3301 425 3380 pabulum
446 3301 646 3363 consideratio
661 3301 932 3381 contemplatioque
945 3323 1000 3365 ua·

10 3408 95 3471 turre
137 3406 310 3486 Erigimur,
335 3404 473 3467 elatiores
493 3405 561 3466 fieri
577 3394 725 3482 uidemur,
745 3406 875 3467 bumana
895 3387 999 3487 deepi·
1063 3466 1066 3483 ,

11 3508 113 3584 rimus,
142 3509 319 3589 cogitantes
339 3526 450 3589 nupera
478 3517 569 3587 atque
589 3509 729 3570 coelestia
749 3507 825 3569 haec
844 3517 947 3572 nostra
966 3517 1001 3573 ut
1064 3490 1067 3499 Ι

11 3613 108 3694 exigua
140 3621 176 3676 et
204 3613 327 3674 minimo
355 3615 584 3676 contemnimur.
633 3612 783 3694 lndagatio
807 3613 875 3693 ipra
899 3635 1002 3678 rerum

12 3724 65 3777 nrm
85 3719 291 3780 maximarum
318 3722 382 3779 tum
408 3718 498 3778 etiam
517 3717 785 3781 occultissimarum
805 3719 899 3781 habet
917 3721 1001 3785 oble·

12 3823 181 3887 nationem.
228 3819 261 3882 si
287 3841 359 3883 vero
389 3821 501 3900 aliquid
529 3828 682 3896 occurret,
711 3821 790 3900 quod
818 3825 881 3884 veri
902 3823 1004 3885 aimile
1126 3846 1128 3853 ’

13 3924 151 4003 nocetur,
173 3925 393 3987 humanissimo
409 3924 576 4005 completur
589 3916 703 3985 animae
720 3925 882 4005 voluptate.
905 3927 1004 4003 Quae-

13 4036 50 4091 et
69 4031 168 4112 igitur
189 4030 271 4091 baec
291 4032 329 4097 ,et
348 4033 450 4090 veeter
469 4029 590 4109 aopieue
603 4036 641 4090 ‘et
659 4029 710 4091 hic
730 4036 850 4103 nostem
877 4029 932 4089 aed
951 4047 1005 4088 ve-

13 4139 77 4213 nter,
97 4140 133 4198 ut
147 4133 353 4211 *assentiatum
371 4133 485 4211 credat,
505 4132 655 4210 affirmet3
681 4139 797 4212 noster,
817 4140 850 4197 nt
868 4134 1008 4194 vereatur
1039 4134 1042 4137 '
1167 4126 1170 4131 ’
