2676 4900
751 356 858 407 it<

268 541 342 610 lam
355 561 437 608 nero
452 537 547 628 quod
569 538 822 632 ille.praestitit
842 539 910 609 suis
928 540 1148 634 temporibus,
1172 543 1264 617 idem

265 667 398 728 retento
418 657 570 742 consilio,
596 658 708 726 forma
728 659 913 727 instaurata
930 662 1033 729 etiam
1055 671 1170 762 nostro
1189 663 1265 731 usui

151 850 153 855 ,
267 777 402 861 offeni,
434 774 503 843 hoc
536 778 618 843 satis
650 774 746 844 hand
778 775 881 845 dubie
912 778 1096 869 probatum
1121 779 1185 849 erit
1210 800 1265 849 sa-'

265 896 450 987 pientibus‚
475 893 581 962 modo
603 895 785 988 contigerit
802 895 901 964 nobis
925 904 965 963 ut
988 897 1041 984 iis,
1066 920 1155 987 quae
1176 922 1266 967 nunc

266 1023 412 1106 possunt
436 1035 477 1079 ac
502 1011 629 1079 debent
653 1012 689 1079 in
714 1013 777 1081 tali
801 1013 956 1082 instituto
982 1015 1179 1104 desiderari,
1210 1040 1265 1086 sa·

267 1131 501 1200 tisfeeerimus.
539 1128 637 1214 Quae
663 1151 725 1198 nos
752 1130 911 1218 equidem
937 1135 1097 1204 sentimus
1124 1145 1159 1215 et
1182 1136 1267 1227 piu-

267 1250 353 1341 rima
379 1271 453 1316 esse
479 1256 513 1357 et
540 1246 744 1315 difficillima
769 1250 953 1338 praestitn3
979 1274 1091 1343 neque
1105 1251 1269 1322 videlieet

151 1378 155 1387 '
269 1366 411 1435 deemnt
442 1366 700 1456 vituperatores.
751 1365 839 1434 Erat
865 1376 980 1437 autem
1012 1381 1128 1445 nostra
1158 1393 1269 1464 opera

139 1490 147 1498 ”
271 1485 410 1583 omnino
433 1484 614 1574 tripertita,
639 1493 678 1552 nt
695 1507 775 1575 pars
795 1483 910 1576 posita
931 1498 1019 1553 esset
1040 1487 1076 1556 in
1101 1490 1268 1558 electione

269 1605 441 1688 locorum,
475 1602 584 1669 altera
616 1625 697 1694 pars
728 1602 765 1671 in
796 1602 881 1670 locis
913 1601 1135 1694 disponendis
1164 1617 1270 1696 atque

270 1719 524 1806 connectendis,
549 1704 650 1788 tertii
674 1721 710 1799 in
735 1719 964 1788 adnotatione.
1016 1721 1268 1792 Difficillimum

271 1863 353 1909 sane
378 1847 452 1907 eret
475 1839 565 1906 inter
586 1839 779 1931 fragmenta
799 1837 1060 1937 testimopiaqne
1079 1840 1269 1931 prudenter

173 1942 175 1955 ’
270 1959 485 2051 eligerem,
520 1980 609 2047 quae
632 1957 778 2026 maxime
810 1957 1010 2042 attinerent,
1043 1967 1082 2025 nt
1113 1958 1269 2049 nequid

198 2060 205 2067 ’
269 2098 375 2171 grave
405 2076 652 2165 relinqueretur
684 2090 803 2166 'neque
838 2076 1107 2145 adsciscerentur
1145 2099 1269 2169 super·
1336 2102 1337 2105 ¹

269 2219 428 2264 vacanca
469 2194 556 2296 Qua
572 2194 609 2262 in
631 2217 671 2262 re
697 2195 805 2264 lector
829 2195 1017 2299 benevolus
1042 2202 1168 2279 tenent,
1194 2195 1270 2286 pri-

269 2336 381 2398 mum,
415 2332 703 2404 supervacaneum
724 2314 835 2393 ,mihis
867 2315 977 2382 visum
1005 2336 1080 2382 esse
1105 2313 1271 2402 quicquid

263 2430 342 2499 'non
366 2432 411 2500 ad
435 2433 626 2501 universam
646 2433 894 2526 philosophiae
916 2431 1190 2524 placitommque
1210 2430 1270 2498 lri-

270 2551 411 2618 storiam
429 2558 464 2618 et
484 2572 686 2641 connexum,
711 2551 772 2620 sed
792 2551 839 2619 ad
857 2550 1098 2647 particularem
1118 2549 1271 2639 aliquam

270 2669 327 2739 vel
360 2669 563 2761 disciplinae
596 2671 654 2739 vel
686 2670 894 2763 philosophi
927 2660 1068 2739 alicuius
1102 2668 1271 2735 rationem

271 2794 422 2889 spectetr
453 2788 598 2881 deinde,
633 2812 697 2859 nos
722 2786 857 2882 praeire
881 2796 1015 2856 tautum
1038 2776 1197 2854 voluisse
1211 2781 1272 2849 lri-

270 2907 411 3000 storiam
446 2904 696 2996 philosophiae
732 2926 774 2969 ex
810 2903 962 2969 fontibus
995 2896 1271 2988 perdiscendum,

147 3102 155 3113 ι
271 3019 513 3112 compendium
547 3019 724 3087 dumtaxat
755 3017 856 3085 edere
887 3016 1054 3100 voluisse,
1086 3014 1178 3083 unde
1209 3015 1272 3104 qui

272 3139 442 3207 elementa
457 3136 590 3205 harum
614 3136 803 3204 litterarum
829 3124 943 3203 edocti
974 3129 1089 3223 forent
1112 3134 1181 3200 iarn
1205 3133 1272 3202 de·

272 3260 390 3347 inceps
415 3256 461 3333 ad
491 3256 638 3348 singula
660 3266 816 3346 quaeque
848 3261 883 3321 et
909 3251 1025 3320 omnia
1049 3274 1092 3320 ex
1114 3251 1280 3344 ipsorum,

270 3385 447 3444 unctorum
464 3373 563 3445 libris
575 3374 717 3467 integris
733 3370 959 3466 percipienda
973 3379 1077 3460 atque
1092 3360 1270 3440 illusti'an·

196 3581 199 3588 Ι
273 3494 318 3562 da
331 3494 522 3565 transirent.
556 3492 662 3578 Quod
679 3493 740 3583 qui
759 3490 941 3577 tenuerint,
965 3490 994 3558 ii
1010 3489 1048 3557 iu
1062 3489 1268 3573 universum,

235 3645 238 3650 ·
273 3606 494 3697 confidimus,
518 3595 740 3705 probaverint
762 3612 929 3679 ustionem
953 3615 1123 3690 nostram3
1156 3628 1271 3694 neque
1333 3640 1334 3643 ¹

225 3768 232 3776 ,
271 3732 376 3799 etiam
402 3732 443 3798 in
477 3732 521 3824 da
550 3740 650 3823 parte
667 3714 722 3798 ‘hi
753 3722 883 3798 indices
900 3727 1024 3817 *iniqui
1056 3733 1171 3811 eruut,
1207 3724 1269 3793 ubi

271 3850 417 3918 maxime
450 3848 639 3918 timendum
657 3857 737 3918 erat
759 3857 799 3921 ut
822 3848 879 3917 vel
903 3848 990 3919 aliis.
1005 3845 1061 3914 vel
1085 3843 1184 3911 nobis
1210 3866 1270 3911 es-

269 3990 380 4036 semus
406 3968 632 4053 satisfacturi!
646 3966 716 4036 hoc
741 3975 793 4037 est
816 3967 852 4034 in
876 3952 1033 4039 Platonis
1050 3961 1270 4031 Aristotelis·

268 4108 336 4176 qne
359 4086 497 4179 placitis
521 4088 566 4156 ad
590 4096 744 4158 nostrum
768 4086 948 4157 consilium
971 4082 1196 4176 adapunduz
1229 4081 1269 4151 in
1331 4184 1332 4193 ἵ
