2606 4900
764 448 767 459 ι

244 560 407 625 emmim
422 558 546 631 traditur,
561 560 796 636 vulteum
812 562 839 619 4.
856 563 998 621 Saldae.
1008 559 1220 638 ilpmmitqre

241 651 276 721 f)
291 651 332 705 De
347 648 498 707 Almaudro
514 650 549 704 ab
564 649 710 705 ddamtele
726 650 848 709 institute
865 669 892 705 ι.
906 642 1221 717 brottebecum,

243 735 292 811 qni
310 744 400 790 tamen
416 732 504 802 magis
529 736 694 789 coniecturas
715 751 798 804 quam
814 742 916 790 certam
931 735 1087 790 memoriam
1103 731 1221 803 requivi-

243 820 330 874 detnr.
363 819 516 873 Alexander
533 820 694 890 magistrum
711 822 815 891 accepit
837 822 965 875 tredecim
982 838 1064 891 annos
1081 812 1168 881 natam
1182 815 1220 868 sed

241 922 296 959 non
313 903 438 959 continno
455 920 488 958 eo
504 922 569 958 nans
585 922 646 960 ease
664 905 779 973 videtur,
796 922 859 960 cum
870 906 1013 975 Philippus
1029 912 1130 959 mature
1143 901 1220 954 lilium

242 991 278 1045 ad
301 989 439 1044 civitatem
465 988 703 1045 administrandam
732 990 882 1046 adhiberet.
926 992 1017 1045 Multa
1042 982 1174 1043 umnam
1194 984 1221 1036 da

239 1074 380 1131 *beneflciis
407 1077 443 1129 ab
465 1074 617 1129 Alexandra
643 1074 672 1129 in
695 1073 867 1131 Aniatoteiem
892 1076 1014 1141 collatis,
1048 1070 1173 1142 imprimis
1193 1067 1220 1118 da

225 1160 383 1231 ,praesidiis
399 1160 528 1213 historiae
544 1160 684 1225 naturalis,
701 1177 771 1229 quaa
790 1162 817 1214 ei
834 1178 881 1214 rex
898 1180 932 1216 ex
947 1161 1043 1215 intinm
1053 1157 1116 1213 Asia
1130 1153 1223 1208 misisse

239 1246 406 1317 perhibetur,
422 1242 494 1297 Ptin.
504 1246 541 1298 ll.
551 1245 665 1310 mulli,
676 1245 727 1310 163
743 1245 895 1313 Athamlli,
906 1242 1035 1315 pactu.
1071 1245 1130 1312 Qua
1146 1236 1222 1309 gratia

239 1338 302 1386 ante
318 1339 433 1385 mortua
449 1329 591 1384 Alexandri
607 1328 706 1385 excidit
720 1336 829 1401 propter
844 1331 1053 1395 Callisthenem,
1070 1347 1096 1383 ι.
1109 1326 1184 1393 erog.
1195 1322 1223 1375 b.

238 1417 271 1482 V,
280 1417 332 1482 103
348 1417 421 1470 Piut.
434 1415 465 1468 V.
478 1415 554 1469 Alex.
567 1433 592 1469 e.
603 1416 641 1482 ὓς
654 1414 698 1471 bb.
733 1416 803 1470 Sunt
819 1416 866 1484 qni
882 1422 994 1479 parcent
1009 1428 1154 1477 ramnum,
1179 1421 1223 1475 qno

242 1502 565 1563 Alexandrumneeatum
580 1502 697 1570 uadmt,
714 1503 750 1556 ab
759 1501 905 1557 Aristotele
922 1500 1151 1555 subministratum
1165 1507 1223 1556 ⁰⁸¹⁶,

239 1606 266 1642 ι.
279 1587 353 1641 Plut.
368 1587 399 1639 V.
412 1584 543 1641 Alerni.
560 1616 597 1631 -·
631 1587 666 1657 g)
682 1586 856 1653 Chalcidem,
884 1600 954 1655 quae
979 1587 1046 1639 urbs
1063 1576 1225 1652 praeceleri·

238 1671 337 1727 litteris
353 1672 478 1738 florebat,
501 1677 570 1726 teste
587 1671 755 1727 Dicaearcho
771 1673 869 1742 imgm.
886 1691 914 1741 p.
931 1671 975 1725 ab.
994 1671 1113 1734 linem,
1129 1677 1225 1717 concu-

237 1756 304 1817 aisee
320 1756 405 1808 iertnr
421 1775 483 1810 cnm
499 1765 570 1811 earet
584 1757 733 1827 impietatis
749 1764 889 1812 aecusatus
912 1762 1021 1826 propter
1045 1768 1149 1809 carmen
1164 1745 1225 1801 illud
1294 1814 1295 1819 ἵ

237 1842 267 1897 in
283 1841 426 1894 llermimn
449 1842 642 1911 compositum,
665 1844 737 1913 quod
760 1859 890 1911 manem
911 1843 1038 1897 dicebant
1061 1840 1225 1895 emunim
1253 1872 1255 1877 ,
1294 1832 1295 1837 ¹

236 1944 265 1981 ι.
278 1923 424 1979 Phanoria.
442 1938 485 1992 ap.
499 1923 581 1994 Diog.
592 1926 624 1978 Ιι.
636 1925 669 1997 V,
688 1926 715 1979 b.
733 1920 913 1979 coil.'ilthen.'
927 1928 983 1991 liv,
1002 1944 1028 1999 p.
1042 1923 1096 1977 696
1112 1938 1165 1990 up,
1186 1913 1225 1983 φῖ
1293 1924 1295 1929 ’

64 2062 67 2065 .
237 2012 328 2082 ipsum
349 2008 523 2063 Aristotelem
546 2009 613 2064 citat
635 2008 666 2066 ds
689 2010 726 2083 τῇ
749 2006 887 2083 deotoyiqr
911 2010 962 2079 asic
989 2003 1087 2081 ἀσεβεῖ
1086 2024 1134 2073 uc,
1165 2015 1226 2069 quw

189 2154 192 2157 .
235 2095 347 2179 scriptio
362 2101 421 2149 erat
438 2094 590 2152 subditicia.
625 2095 769 2152 Accusatio
790 2097 844 2150 ista
867 2094 962 2151 incidit
984 2093 1014 2147 iu
1031 2101 1152 2161 tempora
1165 2083 1224 2141 belli

236 2172 369 2245 Lamiaei,
386 2197 449 2233 eum
464 2180 621 2235 Aristotelea
637 2183 756 2239 studeret
770 2180 893 2254 partibus
904 2178 1051 2251 Antipatri
1068 2177 1137 2233 aude
1148 2169 1226 2229 onnus·
1295 2178 1296 2225 i

236 2267 289 2323 ills
303 2265 405 2321 invidia
419 2267 538 2323 conflato
554 2283 613 2322 ease
629 2266 746 2323 videtur.
1295 2280 1296 2293 ¹

45 2432 48 2437 -
157 2387 219 2452 294
318 2385 438 2453 Gellius
457 2385 548 2452 Noet
561 2387 624 2471 Att
637 2387 758 2467 XM.
799 2348 1094 2452 Commentationum
1114 2394 1223 2451 marum
1286 2392 1296 2474 ,ζ

195 2490 203 2537 i
236 2492 426 2571 artiumque,
447 2510 522 2571 quas
542 2492 701 2574 discipulis
720 2484 877 2569 indolebat,
898 2495 1081 2558 Aristotelea
1101 2489 1224 2572 podem

234 2597 376 2681 phus-
336 2593 471 2655 -duas
491 2597 619 2676 species
631 2598 775 2661 babuisse
793 2598 921 2661 dieitur.
948 2598 1007 2659 aiia
1027 2601 1130 2670 erant,
1156 2604 1224 2670 quae

232 2690 406 2767 nominabat
429 2692 615 2793 ἐξῳιερικα,
642 2682 720 2780 alia,
747 2721 826 2782 quae
851 2701 1022 2783 appellabat
1043 2683 1297 2819 dupoquctdg

228 2795 422 2885 'lateraque
442 2782 637 2883 dicebantur,
663 2825 741 2885 qnae
760 2800 799 2868 ad
818 2807 985 2871 rhetoricas
1005 2805 1224 2887 meditationes,

235 2909 410 2972 laenitatem
436 2908 620 2990 argutiarum
647 2910 837 2990 civiliumque
861 2930 964 2972 rerum
992 2912 1130 2973 notitiam
1160 2921 1224 2966 con·

231 3010 398 3101 ducebant,
417 3003 596 3093 ἅκροαιικά
614 3019 716 3075 antem
735 3014 927 3091 vocabantur,
952 3014 984 3076 in
1004 3015 1115 3096 quibus
1134 3007 1225 3092 philo·

231 3117 341 3198 sophia
359 3117 503 3178 remotior
523 3117 723 3198 subtiliorque
741 3119 928 3199 agitabatur,
958 3137 1100 3200 quaeque
1120 3115 1157 3179 ad
1177 3128 1224 3173 na·

230 3229 319 3287 turae
344 3220 615 3310 contemplationes
642 3221 913 3318 disceptationesve
939 3222 1116 3284 dialecticas
1135 3215 1225 3299 perti·

231 3328 353 3388 nebant.
392 3324 471 3386 Huic
492 3323 684 3406 disciplinae,
710 3348 799 3414 quam
818 3319 922 3395 dixi’
901 3318 1209 3411 oupourtxq'u,tem

230 3449 289 3537 pus
310 3429 497 3491 exercendae
517 3429 608 3491 dabat
626 3433 656 3491 in
676 3432 771 3513 Lycio
790 3435 988 3509 matutinum,
1018 3451 1077 3494 nec
1103 3428 1143 3491 ad
1163 3439 1223 3487 eam

232 3552 413 3614 quemquam
428 3539 557 3597 temere
565 3533 817 3601 admittebatnisi
838 3555 965 3617 qnorum
985 3541 1055 3598 ante
1075 3530 1222 3613 ingenium

185 3674 189 3682 -
231 3643 266 3707 et
284 3637 463 3699 eruditionis
483 3636 632 3699 elementa
652 3641 775 3717 atque'
765 3658 796 3700 ιιι
818 3640 962 3702 discendo
983 3638 1118 3701 studium
1143 3632 1222 3692 labo·

229 3758 357 3841 remque
386 3741 585 3821 explorasset.
635 3742 704 3804 illas
733 3761 807 3805 vero
838 3737 1028 3823 ἐξωιιριιιάς
1056 3738 1223 3803 auditiones

229 3844 473 3926 exercitiumque
500 3844 621 3907 dicendi
650 3846 799 3908 eodem
788 3867 820 3909 ιιι
849 3848 919 3911 loeo
948 3846 1068 3929 vesperi
1096 3839 1223 3906 iaciebat

230 3954 344 4028 easq'ne
362 3948 453 4030 vulgo
481 3949 638 4011 iuvenibus
666 3950 733 4013 sine
759 3953 882 4015 delectu
908 3953 1016 4030 dabat3
1044 3956 1139 4029 atque
1158 3958 1223 4006 enm

231 4044 374 4115 δειλινὸν
392 4049 569 4155 περιιτᾱτον
588 4055 772 4136 appellabat,
794 4057 881 4145 iilum
901 4063 1001 4119 autem
1021 4074 1116 4135 supra
1135 4046 1222 4113 ἕωθι·

193 4158 197 4165 “
229 4146 311 4217 νόν.
331 4154 459 4239 utroque
478 4160 558 4224 euim
576 4165 716 4242 tempore
735 4139 890 4271 ambulans
910 4160 1092 4226 disserebat.
1122 4154 1224 4223 bibiti
