2598 4902
468 396 579 472 een

24 608 160 681 anagrate
175 605 208 664 ab
223 610 325 673 κοινοῖς
340 608 426 668 neeis
441 610 560 666 materia
575 611 666 666 minas
683 611 748 666 dum
765 611 873 667 condita
889 628 924 668 ac
938 613 997 670 ns

23 701 96 762 mata,
113 696 189 757 letne
202 692 286 765 ποτὸν
302 714 337 751 ea
350 698 474 765 materia,
491 700 561 767 quae
574 698 603 751 iri
618 699 723 752 formae
736 715 831 751 reram
842 698 997 756 individua-

21 797 73 833 rum
87 781 198 835 lamiam
214 782 381 836 emicuit-
398 790 427 852 c)
452 785 529 838 Stob.
543 785 603 837 Ecl.
617 785 638 849 1,
663 803 691 853 p.
702 783 763 837 538.
782 782 843 839 Δύο
860 774 914 855 pd'p
931 783 998 856 γένη

17 863 110 936 nupia,
131 865 164 921 nd
183 865 239 936 ’pin
261 863 377 936 ἄτεχνον
393 868 443 924 καλ
459 870 631 942 μεταβάλλον
648 871 688 933 εἰς
705 866 790 925 luced
808 869 861 939 τὴν
876 867 997 942 τροφήν,

18 949 46 1004 τὸ
62 949 89 1006 sl
105 950 230 1022 τεχνικὸν
252 949 406 1023 αὐξητικόν
425 955 522 1010 τεκαὶ
545 951 704 1026 apparendo,
728 953 790 1010 οἷον
813 954 845 1011 ἐν
868 961 929 1018 τοῖς
945 975 1002 1024 φν-

17 1039 68 1099 τοῖς
84 1038 139 1093 ἐστὶ
150 1039 199 1094 ναὶ
210 1037 299 1112 ζῴοιν·
317 1033 333 1094 6
346 1035 382 1109 δὴ
395 1037 482 1109 φύσιν
492 1038 551 1096 ἐστὶ
564 1040 613 1096 καὶ
624 1036 713 1111 ψυχή.
722 1069 755 1082 -
774 1039 805 1109 3)
822 1040 898 1095 snb.
909 1042 999 1109 Ecll,
1027 1039 1030 1043 ’

18 1138 40 1188 p·
49 1121 103 1175 316.
119 1125 291 1194 τεταγμένως
301 1124 350 1180 nal
362 1124 429 1199 aaa.
446 1126 483 1179 ib.
495 1124 556 1179 374.
574 1122 632 1198 ὁδῷ
643 1126 693 1180 nul
708 1123 866 1194 συμφώνων
878 1125 999 1194 διεξιον-
1047 1144 1049 1149 “
1079 1154 1081 1167 =

18 1222 60 1275 one
79 1211 128 1277 τῆς
151 1207 296 1283 περιόδων.
332 1212 412 1280 Quod
428 1212 625 1281 *accipiendum
644 1211 753 1266 videtur
776 1212 810 1265 dc
827 1212 891 1278 via,
916 1228 1000 1282 quarn

18 1292 162 1349 Heraclitus
179 1295 290 1350 dicebat
311 1298 352 1365 (v.
370 1313 454 1365 supra
475 1315 516 1350 nr.
529 1298 585 1367 42.)
609 1293 669 1352 ciam
686 1296 736 1352 nul
751 1295 837 1352 κάτω.
869 1296 996 1367 Namque

17 1378 177 1434 Heraclitum
195 1369 226 1435 in
242 1382 369 1450 plurimis
386 1381 502 1452 physice
518 1383 674 1438 Stoicorum
689 1377 862 1452 sequebatur.

76 1500 134 1554 Non
150 1503 316 1570 spernebant
332 1502 419 1557 Stoici
434 1505 566 1574 vulgares
581 1505 616 1557 de
633 1504 686 1558 diis
703 1503 852 1572 opinionon,
868 1503 918 1556 sed
934 1518 1000 1571 pro-

17 1582 196 1640 ficiscebanttu
221 1588 257 1641 ab
279 1587 324 1655 iis,
342 1605 426 1656 quum
447 1588 513 1641 deos
530 1606 590 1645 esse
607 1591 837 1653 demonstrarent;
867 1604 1000 1659 magnum

17 1669 79 1723 enim
95 1689 142 1725 cur
158 1674 227 1729 deos
244 1690 305 1727 esse
323 1675 513 1729 confiteremur
530 1681 724 1745 argumentum
735 1676 764 1728 in
779 1692 811 1728 eo
826 1674 908 1740 cerni,
925 1674 999 1741 qnod

17 1756 126 1810 omnium
142 1758 277 1829 ¹gentium
297 1778 483 1831 generumque
507 1761 666 1813 bominibus
689 1759 729 1814 ita
747 1760 896 1813 videretur.
928 1760 1001 1812 Pro·

17 1845 99 1906 pterea
115 1844 241 1898 etmulti
258 1850 337 1898 erent
352 1844 380 1897 in
398 1844 501 1899 fabulis
526 1852 670 1913 poetarum
695 1845 849 1916 allegandis
873 1851 901 1898 et
915 1844 1000 1897 inten-

16 1928 148 1996 pretandis,
171 1929 202 1983 in
222 1930 322 1997 quibus
337 1930 474 1999 pbpeicnm
490 1933 619 1986 rationein
635 1950 688 1985 non
704 1933 891 2002 inelegantem,
915 1935 946 1983 ut
961 1928 1001 1983 eit

17 2011 63 2063 cic.
79 2015 111 2066 de
127 2014 190 2068 Nat.
210 2016 244 2067 1).
259 2016 295 2082 Π,
310 2013 354 2081 nt,
370 2015 507 2070 inclusam
525 2034 584 2070 esse
601 2016 741 2086 putabant
777 2019 937 2070 Ceterorum
955 2031 1003 2068 ar·

17 2104 193 2163 guinemarum
213 2101 410 2171 gravissimum
426 2102 455 2156 in
471 2120 504 2155 eo
521 2105 641 2171 positum
652 2107 702 2170 est,
719 2104 791 2172 quod
806 2118 919 2154 causam
932 2098 1002 2153 acti-

16 2196 69 2235 vam
83 2186 239 2255 oppositam
255 2203 315 2239 esse
331 2187 463 2254 materiae
480 2188 593 2256 patienti
609 2195 637 2242 et
649 2190 776 2242 mutabili
788 2189 932 2251 docebant
949 2185 1000 2238 Se-

18 2280 66 2319 nec.
80 2271 129 2338 Ep.
143 2269 187 2338 65,
201 2269 231 2323 2.
257 2274 365 2336 Dicunt,
382 2280 412 2324 ut
433 2274 493 2338 acie,
519 2275 604 2326 Stoici
626 2274 711 2325 nostri
728 2274 779 2324 dne
801 2289 856 2324 esse
873 2272 901 2323 in
917 2287 1004 2323 remae

16 2360 106 2420 ννλννω,
122 2375 152 2410 en
169 2358 265 2427 φίλων
282 2355 370 2409 omnia
380 2359 462 2424 fiant,
481 2375 585 2411 caueam
603 2366 628 2412 et
645 2354 793 2411 materiam.
828 2356 946 2411 Materia
961 2354 1004 2408 ia-

18 2440 195 2506 catinenses
217 2442 254 2494 nd
271 2442 359 2496 omnia
375 2450 484 2510 parata,
502 2450 637 2497 cessatura
652 2444 676 2496 si
691 2460 766 2497 nemo
777 2449 890 2495 moueat.
918 2443 1005 2494 Causa

17 2530 97 2589 naen,
121 2527 150 2579 id
166 2534 211 2581 eet
230 2529 328 2596 Ratio,
353 2527 490 2581 materiam
504 2531 609 2594 serant
626 2536 653 2581 et
669 2546 816 2597 quocunque
833 2528 890 2580 oalt
905 2533 1004 2597 went,
1024 2563 1031 2579 .

16 2620 41 2657 ca
54 2609 96 2662 illa
111 2613 189 2665 caria
214 2630 295 2681 opera
309 2613 443 2682 producit.
478 2613 544 2665 Esse
560 2614 642 2666 debet
654 2631 719 2683 ergo
739 2614 808 2666 ande
824 2613 1003 2682 aliquidflat,

16 2690 95 2748 danda
110 2715 130 2757 a⁴
143 2717 193 2767 pene
209 2700 275 2764 flat.
312 2699 371 2750 Hoc
387 2715 467 2750 carica
484 2704 540 2764 eet,
563 2694 630 2749 illud
652 2699 775 2752 materia.
810 2698 867 2753 Sed
890 2713 1004 2753 causam

18 2787 157 2836 moventem
172 2800 230 2836 aon
248 2788 404 2851 separatam
418 2799 478 2835 esse
490 2799 509 2835 a
523 2783 640 2837 materia
653 2785 806 2849 tradebant,
824 2783 872 2835 sed
883 2782 1003 2835 insinua·

16 2864 65 2916 tun
79 2883 223 2934 permeare
241 2868 391 2937 perillam,
408 2884 525 2935 eamque
536 2866 607 2921 intra
620 2867 755 2939 effingere
773 2873 800 2922 et
814 2885 922 2938 regere,
939 2869 1001 2921 vel-

19 2952 43 2998 ut
56 2952 153 3008 animal
171 2959 317 3024 regeretur
339 2955 375 3008 ab
400 2953 502 3007 anima.
536 2952 626 3008 Simul
642 2954 672 3009 id
691 2954 821 3025 agebant,
834 2956 872 3006 ‘ut
888 2969 1001 3006 causam

17 3044 61 3085 uon
81 3036 138 3092 sine
161 3040 271 3094 ratione
292 3057 352 3094 esse
377 3045 519 3108 motusque
541 3038 605 3092 illos
632 3045 746 3094 naturae
774 3057 828 3093 non
856 3056 915 3092 esse
940 3037 1000 3092 sina

17 3124 94 3174 nnn
117 3125 288 3192 evincerent,
314 3125 548 3194 pulchritudinem
571 3125 667 3178 mundi
690 3127 726 3180 ad
748 3125 777 3179 id
794 3130 822 3178 et
838 3124 1002 3179 varietatem

18 3204 181 3277 ordinemque
199 3206 401 3281 argumentati3
428 3213 484 3265 Cic.
504 3210 706 3277 deunana,
723 3209 756 3276 53
774 3210 800 3264 6.
826 3211 901 3265 Sext.
918 3212 1000 3278 Emp·
1091 3222 1093 3227 ’

17 3288 70 3341 adv.
82 3290 170 3347 ltlatb.
181 3296 232 3361 IX,
244 3297 295 3349 111
306 3313 365 3365 sqq.
388 3297 449 3365 Quo
462 3297 579 3366 pertinet
589 3298 674 3351 etiam
684 3298 756 3365 qaod
768 3297 896 3350 dicebant
908 3296 1002 3350 omnia

17 3384 60 3424 1110
76 3377 167 3449 rigore
184 3381 274 3441 teneti
291 3386 318 3435 et
334 3369 473 3450 aequabili
490 3399 634 3437 camanum
651 3387 733 3451 atque
751 3383 896 3437 ellectuaun
914 3380 1002 3434 eonti-

16 3462 143 3533 aunone,
170 3483 226 3534 qua
247 3466 369 3521 maxima
390 3468 511 3521 minimis
535 3473 601 3536 apta
622 3466 675 3520 sint
699 3472 781 3537 atque
805 3483 935 3523 concana.
967 3465 1001 3521 ld
1040 3502 1042 3509 =

16 3546 97 3600 multia
109 3550 333 3605 similitudinibus
345 3553 543 3622 exprimebant·
558 3555 631 3608 Plat.
645 3554 708 3608 adv·
721 3553 805 3607 Stoic·
817 3551 860 3605 34.
877 3550 1003 3624 Xpniocu·

14 3642 108 3691 1114-
133 3631 220 3692 addin
244 3633 359 3707 ἀπέχειν
385 3636 511 3707 φάμενον
528 3640 608 3695 οἴνον
632 3636 791 3708 σταλαγμὸν
816 3634 866 3693 ἕνα
883 3634 1006 3710 nepciauc

15 3709 59 3780 tie
70 3708 227 3777 tannem·
246 3722 294 3778 nal
311 3724 360 3778 ἵνα
377 3720 412 3794 dr}
430 3722 468 3794 μή
482 3726 569 3781 τοῦτο
577 3722 782 3793 «dannatum,
799 3724 839 3789 εἰς
853 3721 920 3777 ὅλον
931 3722 1002 3790 φησὶ

14 3794 57 3851 τὸν
68 3800 172 3873 κόσμον
183 3809 324 3865 διατενεῖν
336 3811 372 3881 τῇ
383 3808 480 3881 κράσει
491 3808 542 3864 τὸν
549 3807 717 3879 σταλαγμόν.
734 3810 817 3881 Diog.
829 3810 862 3863 11.
870 3809 928 3874 vn,
936 3807 1004 3871 1513

14 3879 101 3940 Galen.
116 3892 150 3944 de
162 3893 249 3963 Hipp.
265 3901 293 3948 et
303 3896 457 3951 PletPlac.
468 3896 527 3962 Vll,
541 3914 568 3965 p.
582 3882 642 3950 619.
666 3896 746 3951 Unde
761 3896 846 3949 etiam
862 3895 918 3947 hoe
936 3891 1003 3946 effi·

15 3964 120 4041 ciebant,
137 3980 247 4033 nonnisi
262 3997 345 4036 unam
362 3981 391 4035 in
406 3981 507 4036 mundo
523 3981 612 4035 inesse
630 3998 742 4036 causam
753 3985 881 4052 agentem
898 3983 926 4030 et
941 3976 1002 4031 anl-

14 4062 131 4128 11111111111,
148 4081 204 4133 qua
222 4066 403 4123 contineretur
420 4065 454 4123 τὸ
472 4063 649 4138 ἡγεμονικόν.
667 4067 724 4122 (lic.
735 4067 770 4121 de
784 4067 846 4120 Nat.
860 4066 894 4117 Ι).
907 4063 943 4128 Π,
957 4059 1002 4115 ll·

16 4133 111 4200 qura
126 4157 167 4206 eet
182 4150 279 4224 igitar,
295 4171 363 4226 pauc
378 4155 511 4210 eontneat
523 4153 646 4208 ωνωάωλι
657 4169 758 4209 oanan
769 4167 874 4223 eanpw
885 4154 1000 4214 1110111111,
