2592 4904
488 348 632 457 sors„
684 344 689 365 ¹

37 556 67 612 et
84 549 248 611 mmtantia
268 555 299 610 et
318 545 524 609 moderatione
544 547 692 608 dictorem
715 546 846 607 omnium
867 551 957 626 atque
976 546 1028 609 ia·-

37 661 159 718 otorum.
200 652 381 739 Adhibenda
407 660 456 713 est
484 653 578 731 igitur
606 634 751 741 quaedam
776 653 944 712 reverentia
972 654 1026 713 ad-

35 775 132 819 sersus
154 760 303 833 homiues,
324 765 355 819 et
373 758 477 837 optimi
498 759 641 835 cuiusque
655 762 693 816 et
713 740 907 840 reiiquorum.
946 755 1024 817 Nam
1067 764 1068 783 ¹

35 862 182 942 negligere
202 863 273 941 quid
293 862 332 923 de
353 881 387 922 sa
407 864 535 941 quisque
556 862 665 923 sentiat
685 879 744 921 non
764 860 863 921 solum
881 877 1024 936 errogan-

32 950 69 1027 ἰιι
90 972 143 1025 est
161 964 228 1027 ‘sed
255 968 375 1027 omnino
401 966 550 1027 dissoluti.
591 965 649 1026 Est
670 973 770 1025 autem
796 964 877 1043 quod
904 963 1027 1025 differet
1047 1004 1072 1025 2

34 1066 62 1129 in
80 1069 234 1131 homiuum
256 1072 372 1131 ratione
391 1071 534 1131 habenda
550 1070 630 1131 inter
648 1046 794 1130 iustitiam
821 1070 1026 1130 et‘vereeuu-

32 1173 115 1235 diem
155 1175 297 1237 Iustitiae
318 1183 421 1256 partes
441 1179 511 1236 sunt
531 1194 591 1235 non
617 1165 728 1237 violare
754 1174 907 1250 homines,
939 1190 1026 1232 vere·

33 1276 153 1339 eundiue
179 1298 242 1343 non
268 1279 443 1344 offendere:
471 1279 503 1343 iu
531 1298 591 1401 quo
619 1279 751 1341 maxime
775 1279 821 1339 via
845 1260 1029 1359 perspicitur

32 1379 135 1445 deeuti

92 1510 234 1565 Decorum
256 1513 453 1581 temperantiae
477 1512 645 1567 subiicienda
664 1514 771 1581 ¹muitau
789 1510 919 1579 sibiipsa
934 1508 963 1562 iu
979 1526 1026 1563 re-

30 1592 98 1659 liqua
115 1596 309 1664 disputationis
326 1604 404 1667 parte
422 1600 517 1651 turbas
535 1597 681 1661 excitavit3
705 1616 732 1650 v.
746 1597 839 1651 Garve
856 1595 955 1664 philos.
971 1596 1028 1647 Διι-

31 1681 109 1731 merlr.
122 1699 145 1733 a.
163 1683 224 1735 Cio.
240 1684 292 1734 Bo.
314 1702 340 1736 v.
355 1686 381 1736 d.
400 1678 508 1753 Pflicut.
527 1702 553 1752 p.
567 1682 626 1736 115.
669 1682 775 1736 Stoicos
795 1678 934 1748 ‘vituperat
956 1680 1029 1747 quod

29 1778 121 1829 purum
138 1767 266 1821 tribuant
284 1768 402 1835 decoro·
424 1770 458 1821 de
472 1769 526 1823 off.
536 1768 568 1835 V,
582 1767 625 1822 35
659 1766 741 1822 Putat
753 1762 949 1834 respiciendae
967 1782 1026 1817 esse

29 1851 195 1931 condiciones
221 1854 377 1920 hominum,
405 1856 541 1918 ordinem,
563 1872 645 1920 quern
669 1853 782 1920 quisque
807 1851 923 1904 teneat
914 1868 951 1902 ιιι.
959 1849 1027 1917 vito,

27 1922 123 2003 ingenii
149 1937 267 2004 iusuper
293 1938 414 1991 indolem
443 1943 471 1990 et
498 1937 661 1999 varietatum
696 1952 784 2003 neque
804 1935 868 1989 ideo
891 1934 965 1989 idem
990 1936 1027 1997 ab

27 2020 145 2100 omuibus
163 2023 337 2092 exigendum
352 2040 420 2076 esse
437 2024 479 2075 De
493 2022 547 2097 Off·
559 2023 584 2087 I
594 2019 630 2073 eo
642 2039 699 2109 sqq
765 2054 766 2059 =

98 2157 146 2220 De
160 2136 237 2219 Off.
255 2155 352 2230 1,.41,
393 2154 566 2218 Admodum
594 2161 646 2217 aut
647 2174 695 2215 ern
723 2156 853 2217 tenenda
877 2156 948 2217 suut
972 2170 1028 2216 eus
1048 2136 1113 2225 445

26 2261 137 2342 tuique,
158 2282 229 2325 nora
247 2262 367 2336 vitiosa,
396 2261 451 2323 sad
471 2267 571 2321 temen
592 2261 735 2340 propris,
753 2280 816 2339 quo
836 2260 955 2321 taedius
975 2260 1030 2321 de·

28 2382 123 2428 aarum
153 2368 237 2429 iiiud
266 2368 347 2445 quod
376 2367 549 2445 quaerimus
575 2366 749 2431 retineatur.
792 2364 844 2426 Sic
872 2366 953 2425 eriim
982 2371 1032 2426 est
1132 2369 1133 2375 ’

29 2467 217 2545 ineundum,
246 2478 280 2530 ut
300 2476 404 2528 eontra
424 2469 593 2529 universam
614 2450 748 2530 ueterem
769 2470 843 2530 nihii
865 2469 1031 2531 contende-¹

30 2590 104 2653 mus,
137 2598 175 2638 ea
197 2566 301 2636 tamen
322 2578 500 2632 conservato
520 2575 673 2659 propriam
694 2581 831 2633 naturam
852 2553 1030 2650 sequamur3

29 2687 77 2756 atq
99 2682 228 2745 etiamsi
256 2679 318 2740 sint
337 2677 394 2737 aiis
414 2677 551 2757 gratim
572 2684 661 2754 atque
681 2676 821 2750 meliors,
854 2685 954 2738 tamen
974 2676 1030 2739 iios

15 2786 122 2847 *turdis
148 2793 258 2847 nostra
284 2790 406 2867 nostrae
431 2788 557 2843 naturae
583 2783 687 2860 reguis
712 2783 880 2842 metiamur.
920 2783 1030 2861 Neque

25 2889 104 2950 euim
122 2890 241 2951 attinet
261 2894 391 2973 naturae
398 2904 577 2968 repugnare,
600 2902 656 2949 neo
669 2887 830 2966 quidquem
844 2889 931 2965 sequi
948 2882 1030 2966 quod
1140 2930 1144 2934 -

23 2998 143 3074 sesequi
165 3012 231 3055 non
252 3010 354 3072 queas.
391 2984 523 3070 Exque
541 2995 638 3072 magis
657 2993 788 3071 emergit
807 2992 894 3071 quale
914 2993 955 3053 sit
975 2990 1031 3053 de·

23 3110 128 3159 eoram
148 3098 252 3173 iliud,
273 3098 369 3171 ideo,
400 3096 468 3176 quia
493 3094 569 3157 uiuit
590 3097 679 3156 deaei
708 3097 800 3156 inrito
819 3094 968 3173 Minatus,
994 3102 1029 3160 at

21 3199 122 3278 siunt,
136 3180 189 3262 'ie
220 3204 272 3262 est
298 3200 475 3261 adversante
503 3194 541 3260 et
553 3205 739 3280 repugnante
759 3204 874 3260 nutam.
915 3202 957 3264 ib.
978 3205 1055 3267 dds

21 3298 97 3365 Nem
118 3318 223 3384 quum
242 3303 276 3363 in
295 3306 435 3367 amnibus
454 3320 532 3383 quae
551 3312 681 3386 aguntur
708 3324 747 3367 ex
773 3325 830 3378 eu
859 3324 919 3385 qna
938 3306 1031 3377 modo

20 3408 151 3489 quisque
171 3414 267 3470 natue
286 3409 340 3481 sit
362 3416 395 3468 m
415 3426 507 3489 supra
527 3408 642 3471 dietum
662 3415 726 3483 est,
758 3409 832 3489 qnid
852 3410 1032 3473 decenter-

19 3493 189 3589 quirinum,
220 3513 320 3572 snm
308 3532 338 3573 ιιι
359 3520 422 3574 tois
441 3516 504 3574 uita
524 3512 732 3583 constituenda
752 3513 847 3575 muito
868 3519 916 3575 'est
936 3514 966 3575 ei
986 3514 1032 3579 rei

18 3630 89 3679 eura
110 3616 429 3693 monterainardi,
458 3622 499 3678 ut
519 3620 692 3679 spumare
682 3637 713 3679 ιιι
732 3620 934 3698 perpetuitate
952 3621 1031 3682 sitae
1149 3697 1152 3703 Ι

16 3723 177 3799 possimus
204 3720 360 3782 nobismet
388 3723 465 3801 ipsis
489 3739 551 3783 neo
564 3723 607 3783 in
633 3722 702 3783 aiio*
726 3721 829 3782 oidoio
848 3723 1029 3786 claudiana.

15 3823 63 3887 dd
83 3816 173 3887 hane
191 3816 467 3886 sutemrationem
487 3826 627 3904 quoniam
648 3826 808 3907 maximam
835 3828 896 3888 rim
922 3834 1031 3889 natura

14 3923 120 4005 muas,
143 3926 278 3991 tortam
298 3930 474 4010 proximam,
504 3930 661 4027 utriusque
681 3926 802 3995 omnino
821 3930 964 3992 habenda
980 3947 1029 3989 re-

15 4031 56 4094 tio
84 4042 141 4096 est
164 4036 219 4094 in
230 4033 395 4115 daiigeudo
420 4048 534 4114 genere
560 4024 660 4108 vitoe,
687 4036 744 4097 sed
769 4041 892 4098 nomme
917 4032 1028 4149 magnes
1128 4074 1130 4078 -

13 4137 112 4203 multo
132 4140 223 4205 anim
248 4138 414 4202 etflrmiur
433 4142 535 4201 estet
554 4138 750 4204 consanum
903 4144 909 4152 '
