2592 4904
721 366 962 447 tao..

151 548 154 553 ’
265 575 333 635 aas
352 562 1259 652 qmoataunttguueavtuaapteaouttannutamerm

134 752 138 757 η
199 686 206 697 “
235 661 240 671 ’
266 673 466 737 aillnentlbua
481 670 580 753 enpila
599 672 734 751 quamvla
754 671 866 745 omnia,
886 688 964 749 qnae
984 671 1158 752 cognitione
1176 671 1260 751 aliqua

263 785 358 855 aunt,
386 793 504 838 aummo
528 776 593 837 otio
620 792 724 836 aecum
744 775 813 857 lpae
834 774 1006 836 concideret
1025 782 1059 836 et
1079 774 1261 855 contemple-

271 890 335 959 tur,
355 888 467 957 tamen,
488 876 622 967 aolitndo
643 881 669 941 ai
690 884 772 941 unta
792 878 837 940 alt
852 884 887 939 nt
906 877 1061 941 hominem
1080 879 1188 939 videre
1208 896 1262 940 non

269 987 386 1068 poerit,
415 984 546 1047 excedat
572 1005 591 1047 e
617 985 688 1047 vita.
730 982 937 1065 Princepsque
963 985 1099 1045 omnium
1122 984 1265 1044 virtutum

269 1090 323 1152 llla
349 1091 514 1171 rapientia,
540 1108 629 1169 quam
644 1085 781 1169 ,σοφίαν
799 1086 913 1150 Graeci
933 1093 1042 1150 aomnt
1065 1120 1109 1133 -
1135 1087 1267 1167 pruden-

270 1194 345 1257 tlam
364 1196 462 1269 enim,
489 1210 579 1283 quam
600 1194 712 1257 Graeci
732 1184 913 1275 φρόνησιν,
938 1193 1027 1253 allam
1053 1193 1207 1272 quandam
1225 1191 1268 1251 ln-

271 1296 446 1381 telllgimuq
467 1319 545 1379 quae
564 1306 614 1360 eat
632 1314 733 1360 rernm
749 1296 985 1378 expetendarum
1002 1296 1271 1376 fugiendarumque

151 1404 154 1407 ’
272 1403 411 1487 ocientia'
425 1434 465 1450 ·-
493 1403 545 1464 llla
573 1410 673 1465 antem
701 1403 864 1483 capientia,
893 1422 984 1482 quam
1009 1401 1181 1482 principem
1202 1398 1272 1475 uixi,

272 1526 375 1573 raoni
404 1513 453 1569 ut
472 1506 641 1573 divinarum
660 1513 753 1588 atque
771 1508 969 1569 hnmanamm
990 1507 1130 1579 colentia,
1159 1504 1195 1564 ln
1214 1521 1270 1591 qpa

272 1613 444 1674 continetur
470 1610 596 1673 deornm
622 1619 655 1674 et
682 1612 840 1673 laominun'r
868 1604 1067 1673 communitae
1087 1615 1120 1669 et
1138 1607 1272 1668 nocietra

271 1717 352 1778 luter
378 1716 473 1797 ipaoa.
512 1715 559 1777 Ea
586 1717 613 1776 ai
639 1718 768 1778 maxima
795 1723 861 1794 eat,
889 1724 925 1777 ut
945 1723 1010 1791 eat,
1038 1719 1122 1776 certe
1140 1730 1273 1774 necesso

273 1826 332 1896 eat,
353 1819 433 1900 qnod
452 1820 700 1881 acommnnitate
718 1820 848 1882 ducatur
867 1818 1014 1896 officinm,
1034 1821 1067 1880 id
1086 1838 1158 1880 eaae
1180 1818 1272 1879 maxi

191 1932 194 1941 '
260 1908 367 2007 smum·
407 1923 542 1985 Etenim.
558 1924 689 2002 cognitio
715 1923 989 2004 contemplatioque
1014 1930 1139 1986 naturae
1167 1939 1295 1982 menca,

229 2066 232 2079 ·
274 2025 407 2107 quodam
432 2023 524 2089 modo
548 2029 642 2103 atque
655 2025 805 2088 inchoata
825 2028 884 2104 eit,
915 2029 943 2089 ai
969 2029 1050 2089 nnlla
1070 2028 1151 2088 actio
1172 2045 1275 2087 rerum

274 2135 511 2208 consequatur„
540 2127 588 2189 Ea
615 2132 718 2189 autem
751 2132 830 2193 actlo
862 2133 895 2192 in
922 2133 1078 2194 hominum
1105 2129 1274 2190 commedio

276 2234 398 2297 turendla
418 2230 548 2294 maxime
569 2231 717 2307 cernitur3
750 2236 882 2315 pertinet
908 2237 1002 2319 igitur
1027 2237 1067 2297 ad
1093 2235 1273 2296 societatem

276 2340 398 2423 generia
424 2335 564 2431 humani:
595 2352 667 2413 ergo
692 2337 770 2400 haec
798 2342 959 2422 cognitioni
985 2340 1274 2421 anteponendaeat.

276 2444 380 2523 Atque
413 2441 445 2501 id
473 2439 606 2518 optimu·
632 2439 760 2519 quiaque
788 2463 899 2525 reapae
925 2446 1058 2508 ostendit
1086 2451 1119 2506 et
1138 2445 1273 2506 indicot

142 2574 146 2585 ⁴
277 2546 355 2624 Quia
382 2545 460 2606 enim
487 2551 536 2606 eat
562 2552 623 2605 tam
651 2545 778 2625 cupidua
804 2548 836 2608 in
856 2528 1065 2630 perspicienda
1086 2534 1295 2627 cognoscor-¹

276 2649 376 2730 daque
395 2667 497 2709 rerum
516 2652 641 2719 natura,
661 2654 713 2721 ut,
740 2650 768 2710 el
788 2651 818 2712 ei
837 2655 977 2714 tractanti
998 2653 1274 2736 contemplantique

277 2773 329 2818 rea
357 2753 530 2836 cognitione
555 2754 746 2835 dignissimae
774 2757 875 2817 cubito
896 2738 942 2819 'eit
961 2756 1084 2820 allatum
1105 2758 1273 2839 periculum

271 2857 501 2937 ,discrimenque
528 2859 662 2938 patriae,
690 2860 739 2921 cui
766 2840 928 2931 nubvenire
946 2861 1147 2942 opitularique
1169 2864 1273 2943 poerit,

257 2980 338 3042 ¹non
358 2962 410 3023 illa
429 2962 530 3023 omnia
549 2963 698 3041 relinquat
717 2948 807 3042 atque
826 2965 953 3040 abiimat,
974 2966 1064 3027 etiam
1086 2968 1113 3026 ai
1134 2968 1273 3030 dinume·
1293 3028 1294 3039 ,

276 3084 348 3130 rare
367 3084 402 3127 ae
421 3066 523 3127 atellae
543 3073 595 3127 aut
615 3067 716 3127 metiri
735 3068 838 3128 mundi
858 3070 1092 3149 magnitudinem
1111 3089 1221 3149 posce·
1233 3084 1294 3132 ar*

273 3170 430 3235 oltreturt
468 3170 570 3250 Atque
589 3170 650 3230 lroc
670 3171 751 3232 idem
771 3172 802 3233 in
822 3174 972 3253 parentio,
999 3175 1031 3236 in
1043 3164 1147 3236 'amici
1168 3197 1208 3238 re
1229 3182 1274 3237 aut

153 3318 158 3325 ›
275 3274 412 3357 periculo
430 3261 547 3335 iecerit.
569 3275 686 3353 eribua
706 3278 797 3339 rebus
817 3277 995 3359 intelligitur
1013 3278 1121 3338 etudiia
1146 3280 1271 3341 ofliciie

275 3399 339 3460 que
356 3379 501 3441 scientiae
521 3379 733 3459 praeponenda
747 3398 818 3441 eaae
830 3379 931 3440 nilida
943 3378 1087 3458 iustitiae,
1108 3402 1191 3461 quae
1206 3403 1269 3466 pen

275 3484 373 3547 tinent
391 3484 430 3545 ad
448 3483 603 3545 hominnm
623 3485 790 3575 cadtptem,
818 3503 878 3562 qua
896 3483 972 3544 nihil
985 3485 1107 3545 homiui
1127 3505 1204 3571 cuae
1223 3487 1271 3549 de·

277 3587 333 3651 liet
350 3587 508 3666 antiquina.
689 3600 692 3608 ·

344 3732 523 3808 linquuntur
539 3743 610 3797 lraec
628 3742 769 3797 advenum
785 3739 984 3829 Peripatetico·
1007 3738 1052 3808 (v
1067 3754 1108 3790 nr.
1117 3739 1181 3793 329.
1195 3741 1271 3807 noi)

258 3822 434 3892 cerniturqu
435 3843 451 3878 e
475 3845 509 3879 ex
528 3828 564 3881 iia
587 3828 747 3884 ciceronem
772 3824 955 3881 cummaxime
978 3840 1069 3878 morea
1093 3824 1123 3889 1¹¹
1147 3814 1272 3894 ΡῙΙῙῙΜ·

277 3906 389 3976 pluendo
407 3928 526 3965 curaree.

15 4132 20 4155 Ι
81 4048 84 4053 '
198 4046 269 4111 938
297 4054 300 4059 “
356 4050 403 4114 lle
422 4052 492 4117 Nat.
513 4053 555 4117 u:
570 4053 593 4132 l,
613 4004 665 4132 21.
706 4055 853 4120 Omnibus
872 4053 942 4117 fere
959 4053 992 4114 ln
1011 4055 1103 4116 rebus
1123 4059 1156 4114 et
1174 4052 1270 4114 mari·

275 4174 326 4219 nae
343 4159 376 4221 ln
394 4159 531 4257 playaieia
559 4163 632 4243 quid
657 4180 718 4227 non
738 4152 779 4226 ait
798 4161 897 4228 cium
910 4177 1010 4245 ‚quam
1028 4156 1101 4238 quid
1121 4158 1165 4220 ait
1182 4156 1267 4219 dire·
