2676 4900
243 1396 248 1403 ·
329 1370 792 1487 rn'auuarso.

494 1636 648 1653 -n—v-q

66 1785 225 1906 Librum
249 1830 391 1925 accipe,
411 1827 569 1922 'Lecton
600 1835 642 1906 iis
668 1834 887 1929 potissimum
911 1830 1061 1903 dutinu-

66 1956 145 2038 tum,
170 1950 232 2040 qni
255 1948 436 2043 historiam
460 1951 709 2046 philosophiae
732 1954 892 2045 autiquae
910 1973 952 2022 ex
975 1950 1062 2044 ipsis

65 2069 217 2139 fontibus
243 2091 455 2162 cognoscere
480 2053 631 2164 cupiant,
659 2095 748 2165 quae
772 2093 880 2164 opera
905 2068 1003 2138 sicuti
1027 2069 1064 2138 in

66 2182 365 2257 omnibus'studiis
389 2188 656 2260 fructuosissima
681 2200 744 2277 est,
769 2178 897 2258 ita‘vel
917 2186 1082 2257 moximo'

65 2305 240 2398 perhanc
265 2281 484 2399 disciplinam
504 2310 597 2378 valet
617 2317 656 2381 ut
676 2309 814 2408 placita¹
827 2304 1064 2401 philosopho-

67 2445 140 2493 rum
164 2446 208 2492 ex
231 2423 316 2516 ipsis
342 2432 520 2494 auctorum
543 2427 657 2496 verbis
682 2449 723 2496 ac
744 2426 879 2521 scriptis
901 2431 1065 2517 repetan-

69 2550 121 2609 tur
151 2548 256 2632 atque
288 2542 334 2614 ad
368 2551 497 2612 certam
530 2546 748 2639 cogitationis
778 2542 931 2637 speeiem
954 2538 1064 2611 infor·

69 2668 209 2727 mentur.
261 2657 480 2753 Quamquam
516 2664 726 2755 speravimus
757 2663 862 2731 etiam
892 2661 929 2729 in
958 2681 1071 2757 prae-4
1157 2724 1161 2737 f
1277 2729 1281 2737 Ι

76 2769 268 2845 lectionibus
286 2774 496 2847 ‘academicis
520 2777 591 2848 hoc
615 2779 859 2871 compendium
888 2777 974 2844 utile
1006 2776 1065 2845 fu·-
1103 2844 1106 2851 ,
1192 2802 1196 2813 ’

68 2898 194 2975 tmum3
219 2900 256 2962 et
279 2895 409 2987 poterit
432 2895 577 2962 fortasse
603 2894 706 2962 etiam
730 2895 767 2962 in
786 2891 973 2989 gymnasiis
991 2892 1063 2965 eius
1106 2938 1110 2949 κ

67 3007 169 3078 lectio
191 3022 269 3079 cnm
292 3013 407 3104 aliqua
425 2992 582 3080 utilitate
593 3012 762 3099 adhiberi,
774 3013 816 3081 si
832 3012 937 3082 modo
958 3034 1063 3109 prae·

60 3137 187 3220 ceptor
212 3130 342 3221 peritus
369 3131 413 3199 ad
439 3128 591 3199 nostram
615 3142 759 3222 operam
783 3108 934 3205 accedat.
971 3129 1062 3200 Ute-

67 3244 167 3314 batur
191 3247 237 3315 ad
265 3248 373 3316 talem
403 3228 653 3318 iustitutionem
677 3249 834 3341 superior
847 3258 952 3317 aetas
973 3270 1062 3351 con·
1095 3272 1099 3278 ·

74 3363 169 3433 simili
183 3367 425 3459 compendio,
462 3367 556 3457 qnod
583 3367 739 3436 ediderat
761 3367 971 3459 Gedickins,
1002 3363 1065 3435 ci·
1091 3449 1095 3457 ,

11 3468 24 3581 4⁹
73 3484 198 3552 coronis
224 3483 367 3554 historia
391 3483 644 3578 ,philosophiae
669 3486 828 3576 autiquae
852 3471 1064 3577 inscriptum,

69 3601 160 3688 qnod
193 3601 263 3670 illis
296 3602 437 3697 qnidam
467 3588 680 3695 temporibus
718 3605 856 3673 omnino
890 3603 1066 3688 satisfecit,
1108 3640 1112 3649 ι

68 3737 158 3786 nunc
183 3720 378 3790 obsoletum
403 3729 473 3821 est,
504 3698 691 3814 postquam
716 3701 897 3792 didicimus
924 3720 1065 3790 Cicero·
1200 3792 1207 3797 ,
1259 3758 1262 3767 1

66 3856 146 3937 nem
177 3838 267 3909 inter
301 3839 517 3908 secundarios
547 3838 796 3933 philosophiae
820 3849 974 3911 auctores
998 3837 1066 3906 ha-

65 3951 158 4045 bere,
184 3957 231 4028 ad
243 3957 466 4028 Aristotelem
483 3960 522 4030 ¹et
541 3959 587 4028 ad
608 3957 687 4052 ipsa
711 3966 863 4027 veterum
889 3966 1066 4037 auctorum
1119 4038 1123 4045 Ι
1187 3950 1190 3955 ’

63 4070 265 4169 fragmenta
276 4082 416 4149 omnem
435 4075 557 4149 hurum
576 4076 764 4149 litterarum
776 4077 882 4153 iidem
896 4062 1066 4149 revocare.
1201 4160 1212 4173 .

391 4220 394 4227 ’
587 4200 592 4208 “
814 4242 819 4247 ,
845 4190 868 4247 ’i‘
1185 4188 1187 4197 '
