2596 4900
747 314 822 413 ιον
839 348 850 385 -·

291 534 427 604 Quantum
448 531 568 589 Sensus
594 530 678 587 inerit
704 533 838 589 studiosus
861 536 888 588 et
907 532 1081 603 obsequiosus
1103 531 1211 587 cernitur
1229 547 1256 586 er

291 622 406 677 Plutone
420 619 540 673 Theseu
553 637 580 687 p.
593 617 645 671 14²
662 636 702 687 ιφ.
720 620 782 673 coll.
799 619 870 701 uult.
889 618 965 672 Nost.
983 618 1038 673 Ast.
1056 618 1100 684 vl,
1117 618 1158 671 1⁰.
1173 646 1204 659 -
1230 617 1256 685 1ο)

289 705 403 759 Minime
427 709 516 757 tamen
540 720 645 766 amnes,
669 705 714 772 qui
739 704 850 758 Eristici
872 704 915 757 vel
938 703 1078 757 Dialectici
1100 703 1257 765 nominantur,
1292 702 1293 755 ί

290 789 438 860 Megaricis
461 789 670 858 adnumerandi,
691 807 718 843 v.
741 791 848 860 Βαναία
870 790 904 841 de
927 788 1127 859 Megaricorum
1149 787 1258 859 doctriua,
1292 784 1293 807 ³

291 877 403 931 Bonane
418 873 495 926 luza.
512 893 539 944 p.
556 872 649 943 bsqq.
667 901 702 913 -
737 876 764 942 c)
781 874 964 927 Hermodorus
981 891 1013 926 en
1029 872 1190 927 Academicis
1205 874 1257 923 erat.

291 961 334 1014 De
350 977 380 1013 re
397 958 433 1011 cf.
445 959 525 1028 Diag
539 958 570 1012 Is.
586 960 636 1023 lll,
655 959 732 1013 6.-
767 956 913 1028 Scripsisse
934 958 1061 1012 Euclides
1083 957 1167 1012 lentur
1190 955 1261 1009 diulu-

291 1063 355 1115 ges,
373 1046 406 1097 de
423 1045 519 1112 quibus
535 1044 681 1098 dubitabat
692 1044 851 1109 Panaetium
874 1062 900 1097 v.
914 1044 1038 1113 Diogmls
1052 1045 1089 1111 11,
1099 1040 1141 1097 64.
1160 1040 1220 1104 10ος
1233 1039 1258 1092 οί

289 1130 365 1185 Scin.
379 1148 401 1183 s.
413 1147 441 1181 v.
447 1125 614 1197 Εὐκλείδης.
741 1134 745 1139 ’
870 1166 881 1187 s
942 1157 945 1164 ·

209 1252 271 1316 m
369 1248 456 1328 Diog
476 1230 1071 1329 L.11‚106.odposiccodyeuic
1089 1237 1293 1328 ἀπεφαίνετο

272 1335 423 1427 πολλοῖς
450 1343 588 1432 ὀνόμασι
612 1346 824 1441 καλονμενον·
852 1342 905 1415 ὁτὲ
931 1350 992 1435 μὲν
1019 1348 1083 1435 γὰρ
1111 1344 1262 1433 φρόνησιν,

290 1455 344 1526 ὁτὲ
364 1456 400 1524 δὲ
419 1450 517 1537 θεόν,
537 1454 593 1521 καί
613 1450 725 1521 ἄλλοτε
744 1458 828 1520 νοῦν
847 1450 958 1520 καί
920 1479 960 1521 τα
980 1447 1088 1520 λοιποί.
1116 1477 1156 1519 σα
1175 1446 1202 1518 δ
1223 1442 1263 1516 ἀν·

290 1562 497 1650 τικείμενα
464 1565 511 1626 sei
531 1554 646 1650 ἀγαθώ
666 1556 790 1647 ἀνήρει,
810 1556 854 1649 μή
869 1556 953 1626 εἶναι
969 1554 1120 1643 φάσκων
1140 1561 1201 1637 Vll,
1211 1559 1263 1619 lut
1292 1496 1293 1627 ί

291 1671 370 1753 μίαν
390 1673 449 1747 (sc.
470 1660 602 1749 ἀρετην)
622 1670 754 1743 πολλοῖς
774 1660 913 1749 ὀνόμασι
931 1666 1159 1749 καλουμένην,
1188 1684 1227 1739 ως
1243 1640 1293 1726 οί
1292 1690 1293 1749 η

290 1772 484 1855 Μεγαρικοί.
535 1774 597 1835 Cio.
618 1774 711 1834 Aead.
733 1794 779 1853 pr.
798 1773 842 1848 ΙΙ,
869 1776 919 1839 42.
947 1775 1096 1873 Euclides
1123 1806 1162 1819 -
1186 1801 1222 1816 -
1243 1765 1266 1828 id
1292 1760 1293 1857 ί

290 1885 402 1945 bunum
422 1877 520 1941 sulum
540 1895 609 1938 esse
629 1876 755 1953 dicebat,
774 1877 857 1971 quod
876 1884 960 1961 esset
978 1861 1074 1943 nuum
1094 1885 1129 1942 et
1146 1862 1293 1943 similae

290 1987 373 2049 idern
393 2000 523 2064 semper.
994 1990 999 2005 ¹

359 2096 474 2164 Apparet
490 2092 644 2161 Megaricos
666 2091 791 2147 similiter
813 2095 846 2148 de
867 2097 938 2149 bono
961 2096 1091 2150 statuisse
1112 2083 1191 2163 utque
1203 2090 1269 2144 lilan-

292 2182 360 2237 ticos
377 2181 411 2233 de
426 2182 509 2233 enter*
524 2177 594 2246 qnod
610 2195 628 2231 a
643 2177 755 2231 Socrate
770 2182 957 2249 repetendum,
982 2183 1032 2249 qui
1056 2169 1184 2235 virtutem
1203 2187 1268 2228 mam

291 2284 351 2321 esse
366 2267 487 2333 nolebat,
506 2264 586 2316 modo
603 2261 740 2364 φρόνησιν
759 2265 871 2331 dictam,
889 2267 967 2327 modo
985 2266 1111 2335 σοφίαν,
1129 2265 1206 2319 modo
1221 2257 1271 2317 iss-

290 2349 414 2430 στήμηνς
437 2358 464 2404 et
485 2346 539 2418 τήν
561 2346 697 2420 φρόνησιν
719 2349 820 2415 divini,
843 2350 944 2417 quod
935 2367 964 2402 ια
988 2353 1071 2407 nobis
1094 2353 1207 2414 inesset,
1227 2345 1269 2398 sin

290 2454 350 2490 csse
367 2437 508 2498 stutuebat,
524 2433 696 2501 divinamque
722 2452 793 2502 esse,
818 2453 886 2503 quae
903 2435 995 2489 omnia
1012 2440 1196 2505 gubernaret,
1218 2425 1273 2501 φρί-

291 2539 380 2592 νησιν.
413 2520 455 2572 Διί
472 2520 585 2571 eundem
601 2534 748 2587 provocare
764 2526 867 2588 poterat
884 2519 1036 2573 Eucliden
1027 2539 1058 2574 ru
1077 2540 1125 2586 eo,
1145 2520 1214 2589 quod
1228 2513 1273 2568 eni·

290 2607 499 2675 sterefuegubut
522 2604 646 2672 quicquid
669 2606 739 2657 beno
761 2603 911 2673 oppositum
927 2614 1005 2658 esset.
1042 2602 1273 2660 Animadvertimus

291 2693 362 2747 euim
388 2692 526 2744 Socratem
554 2688 676 2741 docuisse
704 2689 792 2741 solum
817 2690 961 2757 sapientem
987 2690 1061 2743 alios
1090 2707 1188 2760 regere
1210 2699 1293 2763 possa¹

290 2777 450 2846 omninoque
467 2792 548 2844 supra
563 2774 631 2828 alios
647 2774 749 2844 pollere
765 2775 806 2844 (v.
814 2768 900 2844 ¹supra
912 2791 938 2826 u.
949 2772 1011 2827 206.
1023 2774 1120 2847 207.,)
1137 2781 1274 2844 coegero
1292 2774 1293 2847 ί

290 2879 451 2932 quemquam
467 2877 587 2930 peccare.
783 2882 786 2889 ¹

209 2982 271 3045 260
369 2979 457 3060 lliog
477 2978 513 3038 L.
532 2978 570 3054 11,
590 2980 659 3038 107.
703 2977 781 3051 Ταῖς
801 2973 836 3041 δὲ
855 2969 1059 3055 ἀποδείξεσιν
1080 2930 1227 3045 ἐνίστατο
1245 2959 1276 3036 αἰ

292 3076 373 3165 passi
399 3074 566 3164 λήμματα,
607 3073 688 3144 ἀλλά
720 3074 790 3146 κατ’
820 3076 1021 3164 ἐπιφοράν.
995 3093 1011 3125 ⁸
1065 3085 1125 3150 καί
1152 3078 1210 3148 τδν
1235 3069 1278 3143 διιί

289 3189 479 3273 παραβολῆς
497 3178 613 3267 λόγον
617 3175 743 3277 ἀνῄρει,
765 3180 911 3270 λέγων”
887 3209 961 3270 ησοο
982 3186 1017 3267 ἐξ
1039 3181 1173 3273 ὁμοίων
1192 3177 1293 3252 αιἰτδνί

288 3319 310 3377 η
296 3290 363 3372 ἐξ
384 3288 550 3375 ἀνομοίων
570 3288 793 3359 συνίστασθαι·
813 3290 869 3357 παλ
888 3289 969 3356 εί
935 3315 994 3375 μεν
1009 3292 1044 3373 ἐξ
1067 3286 1207 3378 ὁμοίων,
1220 3272 1293 3369 περί

290 3394 373 3465 αάτά
402 3399 471 3463 δεῖν
498 3399 620 3478 μᾶλλον
647 3419 668 3479 η
655 3389 793 3473 Ἀ”οίς
774 3421 871 3489 ομοια
864 3392 978 3462 ’ἐστιν
1006 3382 1293 3486 ἀναστρέφεσθαι

172 3554 177 3558 -
289 3500 369 3571 εἶδ’
389 3502 422 3584 ἐξ
441 3497 618 3586 ἀνομοίων,
643 3500 836 3585 captasset
855 3498 916 3586 τήν
934 3499 1140 3585 παράθεσιν
1292 3488 1293 3605 ί

361 3621 392 3689 a)
409 3615 548 3691 Ἐπιφορά
571 3624 611 3672 est
634 3618 785 3683 conclusi03
808 3620 902 3689 λῆμμα
925 3619 1036 3675 videtur·
1060 3628 1090 3680 et
1111 3625 1242 3678 maiorem
1260 3596 1293 3685 eli

290 3705 423 3759 minorem
439 3703 591 3777 syllogismi
609 3703 814 3781 propositionem
837 3702 976 3774 amplecti:
1000 3716 1158 3781 utrumqne
1175 3704 1280 3762 voeabu-
1292 3696 1293 3775 ί

190 3854 198 3859 ,
288 3793 347 3844 lam
364 3790 515 3845 Stoicorum
530 3796 587 3856 est,
611 3806 638 3841 ν.
651 3788 731 3858 Diog
745 3790 776 3847 Is.
789 3790 848 3856 vll,
860 3790 910 3859 tu,
923 3792 972 3844 nbi
981 3810 1044 3860 pro
1062 3792 1098 3849 ἐκ
1115 3778 1282 3865 λήμματοςῆ

288 3873 440 3946 λημμάτων
455 3877 504 3932 καί
514 3873 706 3948 προσλήψεως
722 3873 771 3929 aei
794 3831 934 3944 ἐπιφοραῖς
954 3877 1111 3945 legendum
1129 3881 1239 3935 uidetur
1258 3867 1281 3927 dt

227 3990 229 3994 v
288 3958 430 4031 λήμματος
451 3961 500 4016 καί
520 3954 740 4032 προσλήψεως
717 3979 739 4030 η
754 3957 906 4030 λημμάτων
921 3960 969 4015 καί
985 3960 1150 4038 ἐπιφορᾶς
1168 3967 1202 4019 ci.
1217 3946 1293 4023 sulti

224 4059 227 4077 f
289 4061 312 4098 s.
327 4065 357 4101 v.
375 4049 477 4116 λῆμμα
509 4045 637 4099 Euclides
652 4046 737 4115 igitur
752 4045 905 4107 contrarios
921 4063 983 4099 suos
1000 4049 1152 4107 refutabat
1168 4045 1293 4105 statute

287 4131 687 4211 atquebeuoEleates,v·ad
705 4130 889 4202 n.15⁴l,1.e.
907 4130 1065 4201 indirecta,
1088 4128 1126 4194 ut
1141 4126 1293 4201 sturmis}
