2676 4900
239 544 357 635 tiquso
374 549 511 637 purtem
529 539 749 612 incubuisset.
798 539 882 613 Fuit
894 541 996 616 buius
1012 566 1122 640 opera
1138 569 1242 618 sone-
1309 528 1312 621 ἶ

187 688 194 701 ·
241 683 346 753 quom
363 660 529 748 salutaris,
555 660 764 754 egregieque
779 669 1011 753 praeteream
1028 666 1143 735 meriti
1162 673 1241 736 sunt

241 780 301 872 qui
320 780 516 875 fragmenta
527 786 684 861 veterum
701 776 993 874 pbilosophorum
1011 783 1241 876 peculiaribus
1312 840 1315 873 r

243 897 485 991 scriptionibus
509 903 818 990 pertractaverunt3
847 878 885 967 at
909 900 1084 971 enimvero
1111 896 1242 972 r'estaut
1313 902 1316 991 ζ

242 1017 346 1087 etism
374 1017 424 1086 sic
450 1015 488 1085 in
506 1013 663 1107 plurimis
689 1013 812 1084 horum
834 1016 1023 1087 litterarum
1046 1021 1242 1090 auctoribus
1316 1052 1318 1111 *3

241 1142 296 1204 tot
315 1132 583 1225 conqueritis
601 1140 637 1201 et
658 1130 887 1205 dubitationes
907 1137 1055 1225 criticae,
1079 1146 1119 1206 nt
1139 1138 1242 1206 labo-
1317 1160 1319 1217 i

241 1252 443 1322 riosissimus
464 1250 523 1319 hic
543 1272 685 1342 campus
707 1248 900 1344 philologis
921 1264 1040 1347 pateat
1060 1265 1096 1325 et
1110 1257 1242 1325 multo-
1318 1246 1321 1335 ζ

243 1393 319 1440 rum
334 1344 500 1439 annorum
516 1369 636 1439 messis
650 1368 776 1461 opima.
827 1369 899 1439 Nos
912 1372 973 1440 ubi
989 1382 1128 1466 praesto
1145 1380 1243 1443 erant
1320 1396 1322 1419 2

243 1489 410 1559 editiones
425 1495 611 1581 spectatae,
634 1485 781 1555 fidenter
794 1462 1002 1578 eas‘soqnnti
1017 1515 1141 1579 sumus,
1166 1494 1244 1561 vel«
1321 1492 1323 1551 Ῑ

243 1616 283 1679 ut
302 1608 340 1677 in
357 1607 506 1677 Platone
528 1614 563 1676 ot
581 1605 766 1676 Aristotele
786 1605 940 1675 Bekkeri
961 1606 1165 1677 editionibus
1186 1609 1243 1678 nsi

243 1748 368 1797 sumus.
419 1726 462 1794 In
483 1724 604 1794 ceteris
625 1725 858 1816 scriptoribus,
884 1735 1049 1817 quantum
1070 1748 1135 1818 per
1158 1724 1242 1793 sub-

243 1845 408 1914 sidiorum
422 1845 602 1937 penuriam
618 1842 756 1929 licebat,
780 1844 921 1935 propria
936 1843 1094 1912 Minerva
1109 1850 1243 1912 textum

242 1962 304 2053 qui
328 1972 471 2032 vocator
495 1962 663 2054 castigare
687 1970 724 2030 et
748 1962 794 2030 ad
815 1939 985 2031 meliores·
998 1962 1164 2030 lectiones
1186 1961 1243 2029 in-
1328 1968 1329 1975 ’

243 2089 373 2152 sunem
395 2081 509 2150 consti
530 2102 662 2167 sumus,
697 2080 874 2170 multaque
895 2081 1024 2173 passim
1047 2079 1245 2149 emendavi-

225 2221 336 2287 ·mus‚
374 2199 419 2269 de
448 2198 570 2292 quibos
597 2197 766 2271 monitum
793 2206 846 2268 est
872 2199 910 2267 in
934 2200 1047 2277 indice
1076 2199 1242 2268 locorum.
1270 2174 1274 2183 ⁵

242 2318 402 2390 Eandem
425 2318 471 2386 ob
496 2339 633 2385 cansam
655 2316 855 2385 varietatem
884 2298 1136 2413 lectionumfin
1157 2316 1246 2383 tali--

242 2437 307 2506 bus
329 2434 555 2528 scriptoribus
572 2432 758 2504 adiecimus
779 2442 913 2505 tautum
933 2437 1012 2506 non*
1026 2426 1177 2529 plenam,
1203 2440 1244 2502 ut

243 2555 390 2624 lectores
421 2556 468 2622 et‘
482 2553 530 2622 de
550 2554 709 2623 'oliorum
739 2562 787 2624 et’
802 2553 848 2625 de
882 2555 1006 2627 nostris
1035 2552 1243 2624 editionibus

191 2688 197 2699 ·
242 2673 312 2767 ipsi
335 2670 499 2742 iudicare
512 2679 667 2765 possent.
